@article{Aasi:2013wya,
      author         = "Abbott, Benjamin P. and others",
      title          = "{Prospects for Observing and Localizing
                        Gravitational-Wave Transients with Advanced LIGO, Advanced
                        Virgo and KAGRA}",
      collaboration  = "VIRGO, LIGO Scientific",
      year           = "2013",
      doi            = "10.1007/lrr-2016-1",
      note           = "[Living Rev. Rel.19,1(2016)]",
      eprint         = "1304.0670v4",
      archivePrefix  = "arXiv",
      primaryClass   = "gr-qc",
      reportNumber   = "LIGO-P1200087, VIR-0288A-12",
}
@ARTICLE{Abbott_etal:2017a,
   author = {{Abbott}, B.~P. and others},
    title = "{A gravitational-wave standard siren measurement of the Hubble constant}",
  journal = {\nat},
     year = 2017,
    month = nov,
   volume = 551,
    pages = {85-88},
      doi = {10.1038/nature24471},
   adsurl = {http://adsabs.harvard.edu/abs/2017Natur.551...85A},
  adsnote = {Provided by the SAO/NASA Astrophysics Data System}
}
@ARTICLE{Abbott_etal:2017b,
   author = {{Abbott}, B.~P. and {Abbott}, R. and {Abbott}, T.~D. and {Acernese}, F. and 
	{Ackley}, K. and {Adams}, C. and {Adams}, T. and {Addesso}, P. and 
	{Adhikari}, R.~X. and {Adya}, V.~B. and et al.},
    title = "{Multi-messenger Observations of a Binary Neutron Star Merger}",
  journal = {\apjl},
 keywords = {gravitational waves, stars: neutron },
     year = 2017,
    month = oct,
   volume = 848,
      eid = {L12},
    pages = {L12},
      doi = {10.3847/2041-8213/aa91c9},
   adsurl = {http://adsabs.harvard.edu/abs/2017ApJ...848L..12A},
  adsnote = {Provided by the SAO/NASA Astrophysics Data System}
}
@ARTICLE{Abbott_etal:2017c,
   author = {{Abbott}, B.~P. and {Abbott}, R. and {Abbott}, T.~D. and {Acernese}, F. and 
	{Ackley}, K. and {Adams}, C. and {Adams}, T. and {Addesso}, P. and 
	{Adhikari}, R.~X. and {Adya}, V.~B. and et al.},
    title = "{Gravitational Waves and Gamma-Rays from a Binary Neutron Star Merger: GW170817 and GRB 170817A}",
  journal = {\apjl},
 keywords = {binaries: close, gamma-ray burst: general, gravitational waves},
     year = 2017,
    month = oct,
   volume = 848,
      eid = {L13},
    pages = {L13},
      doi = {10.3847/2041-8213/aa920c},
   adsurl = {http://adsabs.harvard.edu/abs/2017ApJ...848L..13A},
  adsnote = {Provided by the SAO/NASA Astrophysics Data System}
}
@ARTICLE{Abbott_etal:2017d,
   author = {{Abbott}, B.~P. and {Abbott}, R. and {Abbott}, T.~D. and {Acernese}, F. and 
	{Ackley}, K. and {Adams}, C. and {Adams}, T. and {Addesso}, P. and 
	{Adhikari}, R.~X. and {Adya}, V.~B. and et al.},
    title = "{GW170817: Observation of Gravitational Waves from a Binary Neutron Star Inspiral}",
  journal = {\prl},
     year = 2017,
    month = oct,
   volume = 119,
   number = 16,
      eid = {161101},
    pages = {161101},
      doi = {10.1103/PhysRevLett.119.161101},
   adsurl = {http://adsabs.harvard.edu/abs/2017PhRvL.119p1101A},
  adsnote = {Provided by the SAO/NASA Astrophysics Data System}
}
@ARTICLE{Addison_etal:2016,
   author = {{Addison}, G.~E. and {Huang}, Y. and {Watts}, D.~J. and {Bennett}, C.~L. and 
	{Halpern}, M. and {Hinshaw}, G. and {Weiland}, J.~L.},
    title = "{Quantifying Discordance in the 2015 Planck CMB Spectrum}",
  journal = {\apj},
 keywords = {cosmic background radiation, cosmological parameters, cosmology: observations},
     year = 2016,
    month = feb,
   volume = 818,
      eid = {132},
    pages = {132},
      doi = {10.3847/0004-637X/818/2/132},
   adsurl = {http://adsabs.harvard.edu/abs/2016ApJ...818..132A},
  adsnote = {Provided by the SAO/NASA Astrophysics Data System}
}
@ARTICLE{Addison_etal:2017,
   author = {{Addison}, G.~E. and {Watts}, D.~J. and {Bennett}, C.~L. and 
	{Halpern}, M. and {Hinshaw}, G. and {Weiland}, J.~L.},
    title = "{Elucidating $\Lambda$CDM: Impact of Baryon Acoustic Oscillation Measurements on the Hubble Constant Discrepancy}",
  journal = {ArXiv e-prints},
archivePrefix = "arXiv",
   eprint = {1707.06547},
 keywords = {Astrophysics - Cosmology and Nongalactic Astrophysics},
     year = 2017,
    month = jul,
   adsurl = {http://adsabs.harvard.edu/abs/2017arXiv170706547A},
  adsnote = {Provided by the SAO/NASA Astrophysics Data System}
}
@ARTICLE{Alam_etal:2017,
   author = {{BOSS Collaboration}},
    title = "{The clustering of galaxies in the completed SDSS-III Baryon Oscillation Spectroscopic Survey: cosmological analysis of the DR12 galaxy sample}",
  journal = {\mnras},
archivePrefix = "arXiv",
   eprint = {1607.03155},
 keywords = {distance scale, large-scale structure of Universe, cosmology: observations},
     year = 2017,
    month = sep,
   volume = 470,
    pages = {2617-2652},
      doi = {10.1093/mnras/stx721},
   adsurl = {http://adsabs.harvard.edu/abs/2017MNRAS.470.2617A},
  adsnote = {Provided by the SAO/NASA Astrophysics Data System}
}
@ARTICLE{Aubourg_etal:2015,
   author = {{BOSS Collaboration}},
    title = "{Cosmological implications of baryon acoustic oscillation measurements}",
  journal = {\prd},
archivePrefix = "arXiv",
   eprint = {1411.1074},
 keywords = {Cosmology, Dark energy},
     year = 2015,
    month = dec,
   volume = 92,
   number = 12,
      eid = {123516},
    pages = {123516},
      doi = {10.1103/PhysRevD.92.123516},
   adsurl = {http://adsabs.harvard.edu/abs/2015PhRvD..92l3516A},
  adsnote = {Provided by the SAO/NASA Astrophysics Data System}
}
@ARTICLE{Aylor_etal:2018,
 author = {{Aylor}, Kevin and {Joy}, Mackenzie and {Knox}, Lloyd and
         {Millea}, Marius and {Raghunathan}, Srinivasan and {Kimmy Wu}, W.~L.},
        title = "{Sounds Discordant: Classical Distance Ladder and {\ensuremath{\Lambda}}CDM-based Determinations of the Cosmological Sound Horizon}",
      journal = {\apj},
     keywords = {cosmic background radiation, cosmological parameters, distance scale, galaxies: structure, Astrophysics - Cosmology and Nongalactic Astrophysics},
         year = "2019",
        month = "Mar",
       volume = {874},
       number = {1},
          eid = {4},
        pages = {4},
          doi = {10.3847/1538-4357/ab0898},
 primaryClass = {astro-ph.CO},
       adsurl = {https://ui.adsabs.harvard.edu/abs/2019ApJ...874....4A},
      adsnote = {Provided by the SAO/NASA Astrophysics Data System}
}

@ARTICLE{Belgacem:2018,
   author = {{Belgacem}, E. and {Dirian}, Y. and {Foffa}, S. and {Maggiore}, M.
	},
    title = "{Modified gravitational-wave propagation and standard sirens}",
  journal = {\prd},
     year = 2018,
    month = jul,
   volume = 98,
   number = 2,
      eid = {023510},
    pages = {023510},
      doi = {10.1103/PhysRevD.98.023510},
   adsurl = {http://adsabs.harvard.edu/abs/2018PhRvD..98b3510B},
  adsnote = {Provided by the SAO/NASA Astrophysics Data System}
}
@ARTICLE{Benevento_etal:2018,
       author = {{Benevento}, Giampaolo and {Raveri}, Marco and {Lazanu}, Andrei and
         {Bartolo}, Nicola and {Liguori}, Michele and {Brax}, Philippe and
         {Valageas}, Patrick},
        title = "{K-mouflage imprints on cosmological observables and data constraints}",
      journal = {\jcap},
     keywords = {Astrophysics - Cosmology and Nongalactic Astrophysics},
         year = "2019",
        month = "May",
       volume = {2019},
       number = {5},
          eid = {027},
        pages = {027},
          doi = {10.1088/1475-7516/2019/05/027},
 primaryClass = {astro-ph.CO},
       adsurl = {https://ui.adsabs.harvard.edu/abs/2019JCAP...05..027B},
      adsnote = {Provided by the SAO/NASA Astrophysics Data System}
}

@ARTICLE{Bengaly_etal:2018,
   author = {{Bengaly}, C.~A.~P. and {Andrade}, U. and {Alcaniz}, J.~S.},
    title = "{How does an incomplete sky coverage affect the Hubble Constant variance?}",
  journal = {ArXiv e-prints},
archivePrefix = "arXiv",
   eprint = {1810.04966},
 keywords = {Astrophysics - Cosmology and Nongalactic Astrophysics},
     year = 2018,
    month = oct,
   adsurl = {http://adsabs.harvard.edu/abs/2018arXiv181004966B},
  adsnote = {Provided by the SAO/NASA Astrophysics Data System}
}
@ARTICLE{Bernal_etal:2016,
   author = {{Bernal}, J.~L. and {Verde}, L. and {Riess}, A.~G.},
    title = "{The trouble with H$_{0}$}",
  journal = {\jcap},
     year = 2016,
    month = oct,
   volume = 10,
      eid = {019},
    pages = {019},
      doi = {10.1088/1475-7516/2016/10/019},
   adsurl = {http://adsabs.harvard.edu/abs/2016JCAP...10..019B},
  adsnote = {Provided by the SAO/NASA Astrophysics Data System}
}
@ARTICLE{Betoule_etal:2014,
   author = {{Betoule}, M. and others},
    title = "{Improved cosmological constraints from a joint analysis of the SDSS-II and SNLS supernova samples}",
  journal = {\aap},
archivePrefix = "arXiv",
   eprint = {1401.4064},
 keywords = {cosmology: observations, distance scale, dark energy},
     year = 2014,
    month = aug,
   volume = 568,
      eid = {A22},
    pages = {A22},
      doi = {10.1051/0004-6361/201423413},
   adsurl = {http://adsabs.harvard.edu/abs/2014A%26A...568A..22B},
  adsnote = {Provided by the SAO/NASA Astrophysics Data System}
}
@ARTICLE{Bonvin_etal:2017,
   author = {{Bonvin}, V. and others},
    title = "{H0LiCOW - V. New COSMOGRAIL time delays of HE 0435-1223: H$_{0}$ to 3.8 per cent precision from strong lensing in a flat {$\Lambda$}CDM model}",
  journal = {\mnras},
archivePrefix = "arXiv",
   eprint = {1607.01790},
 keywords = {gravitational lensing: strong, galaxies: individual: HE 0435-1223, cosmology: observations, distance scale},
     year = 2017,
    month = mar,
   volume = 465,
    pages = {4914-4930},
      doi = {10.1093/mnras/stw3006},
   adsurl = {http://adsabs.harvard.edu/abs/2017MNRAS.465.4914B},
  adsnote = {Provided by the SAO/NASA Astrophysics Data System}
}
@article{Blanchet:2013haa,
      author         = "Blanchet, Luc",
      title          = "{Gravitational Radiation from Post-Newtonian Sources and
                        Inspiralling Compact Binaries}",
      journal        = "Living Rev. Rel.",
      volume         = "17",
      year           = "2014",
      pages          = "2",
      doi            = "10.12942/lrr-2014-2",
}
@article{Buonanno:2009zt,
      author         = "Buonanno, Alessandra and Iyer, Bala and Ochsner, Evan and
                        Pan, Yi and Sathyaprakash, B. S.",
      title          = "{Comparison of post-Newtonian templates for compact
                        binary inspiral signals in gravitational-wave detectors}",
      journal        = "Phys. Rev.",
      volume         = "D80",
      year           = "2009",
      pages          = "084043",
      doi            = "10.1103/PhysRevD.80.084043",
      eprint         = "0907.0700",
      archivePrefix  = "arXiv",
      primaryClass   = "gr-qc",
}
@ARTICLE{Cardona_etal:2016,
   author = {{Cardona}, W. and {Kunz}, M. and {Pettorino}, V.},
    title = "{Determining H$_{0}$ with Bayesian hyper-parameters}",
  journal = {\jcap},
     year = 2017,
    month = mar,
   volume = 3,
      eid = {056},
    pages = {056},
      doi = {10.1088/1475-7516/2017/03/056},
   adsurl = {http://adsabs.harvard.edu/abs/2017JCAP...03..056C},
  adsnote = {Provided by the SAO/NASA Astrophysics Data System}
}

@article{Carpenter_etal:2017,
   author = {Bob Carpenter and Andrew Gelman and Matthew Hoffman and Daniel Lee and Ben Goodrich and Michael Betancourt and Marcus Brubaker and Jiqiang Guo and Peter Li and Allen Riddell},
   title = {Stan: A Probabilistic Programming Language},
   journal = {Journal of Statistical Software, Articles},
   volume = {76},
   number = {1},
   year = {2017},
   keywords = {probabilistic programming; Bayesian inference; algorithmic differentiation; Stan},
   issn = {1548-7660},
   pages = {1--32},
   doi = {10.18637/jss.v076.i01},
   url = {https://www.jstatsoft.org/v076/i01}
}
@ARTICLE{Carrick_etal:2015,
   author = {{Carrick}, J. and {Turnbull}, S.~J. and {Lavaux}, G. and {Hudson}, M.~J.
	},
    title = "{Cosmological parameters from the comparison of peculiar velocities with predictions from the 2M++ density field}",
  journal = {\mnras},
archivePrefix = "arXiv",
   eprint = {1504.04627},
 keywords = {Local Group, cosmic background radiation, cosmological parameters, large-scale structure of Universe},
     year = 2015,
    month = jun,
   volume = 450,
    pages = {317-332},
      doi = {10.1093/mnras/stv547},
   adsurl = {http://adsabs.harvard.edu/abs/2015MNRAS.450..317C},
  adsnote = {Provided by the SAO/NASA Astrophysics Data System}
}
@ARTICLE{Chen_etal:2018,
   author = {{Chen}, H.-Y. and {Fishbach}, M. and {Holz}, D.},
    title = "{A 2 per cent Hubble constant measurement from standard sirens within 5 years}",
  journal = {\nat},
     year = 2018,
    month = oct,
   volume = 562,
    pages = {545-547},
      doi = {something}
}
@ARTICLE{Chen_Holz:2016,
   author = {{Chen}, H.-Y. and {Holz}, D.~E.},
    title = "{Finding the One: Identifying the Host Galaxies of Gravitational-Wave Sources}",
  journal = {ArXiv e-prints},
archivePrefix = "arXiv",
   eprint = {1612.01471},
 primaryClass = "astro-ph.HE",
 keywords = {Astrophysics - High Energy Astrophysical Phenomena, Astrophysics - Cosmology and Nongalactic Astrophysics},
     year = 2016,
    month = dec,
   adsurl = {http://adsabs.harvard.edu/abs/2016arXiv161201471C},
  adsnote = {Provided by the SAO/NASA Astrophysics Data System}
}
@ARTICLE{Chiang_Slosar:2018,
   author = {{Chiang}, C.-T. and {Slosar}, A.},
    title = "{Inferences of $H\_0$ in presence of a non-standard recombination}",
  journal = {ArXiv e-prints},
archivePrefix = "arXiv",
   eprint = {1811.03624},
 keywords = {Astrophysics - Cosmology and Nongalactic Astrophysics},
     year = 2018,
    month = nov,
   adsurl = {http://adsabs.harvard.edu/abs/2018arXiv181103624C},
  adsnote = {Provided by the SAO/NASA Astrophysics Data System}
}
@ARTICLE{Cuesta_etal:2015,
   author = {{Cuesta}, A.~J. and {Verde}, L. and {Riess}, A. and {Jimenez}, R.
	},
    title = "{Calibrating the cosmic distance scale ladder: the role of the sound-horizon scale and the local expansion rate as distance anchors}",
  journal = {\mnras},
archivePrefix = "arXiv",
   eprint = {1411.1094},
 keywords = {cosmology: observations, distance scale, large-scale structure of Universe},
     year = 2015,
    month = apr,
   volume = 448,
    pages = {3463-3471},
      doi = {10.1093/mnras/stv261},
   adsurl = {http://adsabs.harvard.edu/abs/2015MNRAS.448.3463C},
  adsnote = {Provided by the SAO/NASA Astrophysics Data System}
}
@ARTICLE{DES_H_0:2017,
   author = {{DES Collaboration}},
    title = "{Dark Energy Survey Year 1 Results: A Precise H0 Measurement from DES Y1, BAO, and D/H Data}",
  journal = {ArXiv e-prints},
archivePrefix = "arXiv",
   eprint = {1711.00403},
 keywords = {Astrophysics - Cosmology and Nongalactic Astrophysics},
     year = 2017,
    month = nov,
   adsurl = {http://adsabs.harvard.edu/abs/2017arXiv171100403D},
  adsnote = {Provided by the SAO/NASA Astrophysics Data System}
}
@ARTICLE{Dhawan_etal:2017,
   author = {{Dhawan}, S. and {Jha}, S.~W. and {Leibundgut}, B.},
    title = "{Measuring the Hubble constant with Type Ia supernovae as near-infrared standard candles}",
  journal = {\aap},
 keywords = {supernovae: general},
     year = 2018,
    month = jan,
   volume = 609,
      eid = {A72},
    pages = {A72},
      doi = {10.1051/0004-6361/201731501},
   adsurl = {http://adsabs.harvard.edu/abs/2018A%26A...609A..72D},
  adsnote = {Provided by the SAO/NASA Astrophysics Data System}
}
@ARTICLE{Di_Valentino_etal:2017a,
   author = {{Di Valentino}, E. and {Linder}, E.~V. and {Melchiorri}, A.},
    title = "{Vacuum phase transition solves the H$_{0}$ tension}",
  journal = {\prd},
     year = 2018,
    month = feb,
   volume = 97,
   number = 4,
      eid = {043528},
    pages = {043528},
      doi = {10.1103/PhysRevD.97.043528},
   adsurl = {http://adsabs.harvard.edu/abs/2018PhRvD..97d3528D},
  adsnote = {Provided by the SAO/NASA Astrophysics Data System}
}
@ARTICLE{Di_Valentino_etal:2016,
   author = {{Di Valentino}, E. and {Melchiorri}, A. and {Silk}, J.},
    title = "{Reconciling Planck with the local value of H$_{0}$ in extended parameter space}",
  journal = {Physics Letters B},
    year = 2016,
    month = oct,
   volume = 761,
    pages = {242-246},
      doi = {10.1016/j.physletb.2016.08.043},
   adsurl = {http://adsabs.harvard.edu/abs/2016PhLB..761..242D},
  adsnote = {Provided by the SAO/NASA Astrophysics Data System}
}
@ARTICLE{Di_Valentino_etal:2017b,
   author = {{Di Valentino}, E. and {B{\oe}hm}, C. and {Hivon}, E. and {Bouchet}, F.~R.},
    title = "{Reducing the H$_{0}$ and {$\sigma$}$_{8}$ tensions with dark matter-neutrino interactions}",
  journal = {\prd},
     year = 2018,
    month = feb,
   volume = 97,
   number = 4,
      eid = {043513},
    pages = {043513},
      doi = {10.1103/PhysRevD.97.043513},
   adsurl = {http://adsabs.harvard.edu/abs/2018PhRvD..97d3513D},
  adsnote = {Provided by the SAO/NASA Astrophysics Data System}
}
@ARTICLE{Efstathiou:2014,
author = {{Efstathiou}, G.},
title = "{H$_{0}$ revisited}",
journal = {\mnras},
archivePrefix = "arXiv",
primaryClass = "astro-ph.CO",
year = 2014,
month = may,
volume = 440,
pages = {1138-1152},
doi = {10.1093/mnras/stu278},
keywords = {stars: variables: Cepheids, cosmological parameters, cosmology: distance scale},
}
@ARTICLE{El-zant_etal:2018,
     author = {{El-Zant}, Amr and {El Hanafy}, Waleed and {Elgammal}, Sherif},
        title = "{H $_{0}$ Tension and the Phantom Regime: A Case Study in Terms of an Infrared f(T) Gravity}",
      journal = {\apj},
     keywords = {cosmological parameters, cosmology: observations, cosmology: theory, dark energy, General Relativity and Quantum Cosmology, Astrophysics - Cosmology and Nongalactic Astrophysics, High Energy Physics - Theory},
         year = "2019",
        month = "Feb",
       volume = {871},
       number = {2},
          eid = {210},
        pages = {210},
          doi = {10.3847/1538-4357/aafa12},
 primaryClass = {gr-qc},
       adsurl = {https://ui.adsabs.harvard.edu/abs/2019ApJ...871..210E},
      adsnote = {Provided by the SAO/NASA Astrophysics Data System}
}
@ARTICLE{Feeney_etal:2017,
 author = {{Feeney}, S.~M. and {Mortlock}, D.~J. and {Dalmasso}, N.},
    title = "{Clarifying the Hubble constant tension with a Bayesian hierarchical model of the local distance ladder}",
  journal = {\mnras},
 keywords = {methods: statistical, cosmic background radiation, distance scale},
     year = 2018,
    month = may,
   volume = 476,
    pages = {3861-3882},
      doi = {10.1093/mnras/sty418},
   adsurl = {http://adsabs.harvard.edu/abs/2018MNRAS.476.3861F},
  adsnote = {Provided by the SAO/NASA Astrophysics Data System}
}

@ARTICLE{Feeney_etal:2018,
 author = {{Feeney}, Stephen M. and {Peiris}, Hiranya V. and
         {Williamson}, Andrew R. and {Nissanke}, Samaya M. and
         {Mortlock}, Daniel J. and {Alsing}, Justin and {Scolnic}, Dan},
        title = "{Prospects for Resolving the Hubble Constant Tension with Standard Sirens}",
      journal = {\prl},
     keywords = {Astrophysics - Cosmology and Nongalactic Astrophysics},
         year = "2019",
        month = "Feb",
       volume = {122},
       number = {6},
          eid = {061105},
        pages = {061105},
          doi = {10.1103/PhysRevLett.122.061105},
       adsurl = {https://ui.adsabs.harvard.edu/abs/2019PhRvL.122f1105F},
      adsnote = {Provided by the SAO/NASA Astrophysics Data System}
}

@ARTICLE{Fishbach_etal:2018,
       author = {{Fishbach}, M. and {Gray}, R. and {Maga{\~n}a Hernandez}, I. and
         {Qi}, H. and {Sur}, A. and {Acernese}, F. and {Aiello}, L. and
         {Allocca}, A. and {Aloy}, M.~A. and {Amato}, A.},
        title = "{A Standard Siren Measurement of the Hubble Constant from GW170817 without the Electromagnetic Counterpart}",
      journal = {\apjl},
     keywords = {distance scale, gravitational waves, Astrophysics - Cosmology and Nongalactic Astrophysics},
         year = "2019",
        month = "Jan",
       volume = {871},
       number = {1},
          eid = {L13},
        pages = {L13},
          doi = {10.3847/2041-8213/aaf96e},
       adsurl = {https://ui.adsabs.harvard.edu/abs/2019ApJ...871L..13F},
      adsnote = {Provided by the SAO/NASA Astrophysics Data System}
}

@ARTICLE{Follin_Knox:2017,
  author = {{Follin}, B. and {Knox}, L.},
    title = "{Insensitivity of the distance ladder Hubble constant determination to Cepheid calibration modelling choices}",
  journal = {\mnras},
 keywords = {stars: variables: Cepheids, cosmological parameters, distance scale},
     year = 2018,
    month = jul,
   volume = 477,
    pages = {4534-4542},
      doi = {10.1093/mnras/sty720},
   adsurl = {http://adsabs.harvard.edu/abs/2018MNRAS.477.4534F},
  adsnote = {Provided by the SAO/NASA Astrophysics Data System}
}

@ARTICLE{Foreman-Mackey_etal:2013,
   author = {{Foreman-Mackey}, D. and {Hogg}, D.~W. and {Lang}, D. and {Goodman}, J.
	},
    title = "{emcee: The MCMC Hammer}",
  journal = {\pasp},
archivePrefix = "arXiv",
   eprint = {1202.3665},
 primaryClass = "astro-ph.IM",
     year = 2013,
    month = mar,
   volume = 125,
    pages = {306},
      doi = {10.1086/670067},
   adsurl = {http://adsabs.harvard.edu/abs/2013PASP..125..306F},
  adsnote = {Provided by the SAO/NASA Astrophysics Data System}
}
@BOOK{Gelman_etal:2013,
  title={Bayesian Data Analysis, Third Edition},
  author={Gelman, A. and Carlin, J.B. and Stern, H.S. and Dunson, D.B. and Vehtari, A. and Rubin, D.B.},
  isbn={9781439840955},
  lccn={2013039507},
  series={Chapman \& Hall/CRC Texts in Statistical Science},
  url={https://books.google.com/books?id=ZXL6AQAAQBAJ},
  year={2013},
  publisher={Taylor \& Francis}
}
@BOOK{Maggiore:2007,
  title={Gravitational Waves. Vol. 1: Theory and Experiments},
  author={Maggiore, M.},
  series={Oxford Masters Series in Physics},
  year={2007},
  publisher={Oxford University Press}
}
@ARTICLE{Gomez-Valent_etal:2018,
   author = {{G{\'o}mez-Valent}, A. and {Amendola}, L.},
    title = "{$H\_0$ from cosmic chronometers and Type Ia supernovae, with Gaussian Processes and the novel Weighted Polynomial Regression method}",
  journal = {ArXiv e-prints},
archivePrefix = "arXiv",
   eprint = {1802.01505},
 keywords = {Astrophysics - Cosmology and Nongalactic Astrophysics, General Relativity and Quantum Cosmology},
     year = 2018,
    month = feb,
   adsurl = {http://adsabs.harvard.edu/abs/2018arXiv180201505G},
  adsnote = {Provided by the SAO/NASA Astrophysics Data System}
}
@ARTICLE{Graef_etal:2018,
       author = {{Graef}, Leila L. and {Benetti}, Micol and {Alcaniz}, Jailson S.},
        title = "{Primordial gravitational waves and the H$_{0}$-tension problem}",
      journal = {\prd},
     keywords = {Astrophysics - Cosmology and Nongalactic Astrophysics},
         year = "2019",
        month = "Feb",
       volume = {99},
       number = {4},
          eid = {043519},
        pages = {043519},
          doi = {10.1103/PhysRevD.99.043519},
 primaryClass = {astro-ph.CO},
       adsurl = {https://ui.adsabs.harvard.edu/abs/2019PhRvD..99d3519G},
      adsnote = {Provided by the SAO/NASA Astrophysics Data System}
}
@ARTICLE{Henning_etal:2018,
   author = {{Henning}, J.~W. and others},
    title = "{Measurements of the Temperature and E-mode Polarization of the CMB from 500 Square Degrees of SPTpol Data}",
  journal = {\apj},
archivePrefix = "arXiv",
   eprint = {1707.09353},
 keywords = {cosmic background radiation, cosmological parameters, cosmology: observations, polarization },
     year = 2018,
    month = jan,
   volume = 852,
      eid = {97},
    pages = {97},
      doi = {10.3847/1538-4357/aa9ff4},
   adsurl = {http://adsabs.harvard.edu/abs/2018ApJ...852...97H},
  adsnote = {Provided by the SAO/NASA Astrophysics Data System}
}
@ARTICLE{Hinshaw_etal:2013,
   author = {{Hinshaw}, G. and others},
    title = "{Nine-year Wilkinson Microwave Anisotropy Probe (WMAP) Observations: Cosmological Parameter Results}",
  journal = {\apjs},
archivePrefix = "arXiv",
   eprint = {1212.5226},
 keywords = {cosmic background radiation, cosmology: observations, dark matter, early universe, instrumentation: detectors, space vehicles, space vehicles: instruments, telescopes },
     year = 2013,
    month = oct,
   volume = 208,
      eid = {19},
    pages = {19},
      doi = {10.1088/0067-0049/208/2/19},
   adsurl = {http://adsabs.harvard.edu/abs/2013ApJS..208...19H},
  adsnote = {Provided by the SAO/NASA Astrophysics Data System}
}
@ARTICLE{Hogg:1999,
   author = {{Hogg}, D.~W.},
    title = "{Distance measures in cosmology}",
  journal = {ArXiv Astrophysics e-prints},
   eprint = {astro-ph/9905116},
 keywords = {Astrophysics},
     year = 1999,
    month = may,
   adsurl = {http://adsabs.harvard.edu/abs/1999astro.ph..5116H},
  adsnote = {Provided by the SAO/NASA Astrophysics Data System}
}
@ARTICLE{Hotokezaka_etal:2018,
       author = {{Hotokezaka}, K. and {Nakar}, E. and {Gottlieb}, O. and {Nissanke}, S. and
         {Masuda}, K. and {Hallinan}, G. and {Mooley}, K.~P. and {Deller}, A.~T.},
        title = "{A Hubble constant measurement from superluminal motion of the jet in GW170817}",
      journal = {Nature Astronomy},
     keywords = {Astrophysics - Cosmology and Nongalactic Astrophysics, Astrophysics - High Energy Astrophysical Phenomena, General Relativity and Quantum Cosmology},
         year = "2019",
        month = "Jul",
        pages = {385},
          doi = {10.1038/s41550-019-0820-1},
       adsurl = {https://ui.adsabs.harvard.edu/abs/2019NatAs.tmp..385H},
      adsnote = {Provided by the SAO/NASA Astrophysics Data System}
}

@ARTICLE{Huang_etal:2016,
   author = {{Huang}, Q.-G. and {Wang}, K.},
    title = "{How the dark energy can reconcile Planck with local determination of the Hubble constant}",
  journal = {\epjc},
     year = 2016,
    month = sep,
   volume = 76,
      eid = {506},
    pages = {506},
      doi = {10.1140/epjc/s10052-016-4352-x},
   adsurl = {http://adsabs.harvard.edu/abs/2016EPJC...76..506H},
  adsnote = {Provided by the SAO/NASA Astrophysics Data System}
}
@ARTICLE{Hubble:1929,
   author = {{Hubble}, E.},
    title = "{A Relation between Distance and Radial Velocity among Extra-Galactic Nebulae}",
  journal = {\pnas},
     year = 1929,
    month = mar,
   volume = 15,
    pages = {168-173},
      doi = {10.1073/pnas.15.3.168},
   adsurl = {http://adsabs.harvard.edu/abs/1929PNAS...15..168H},
  adsnote = {Provided by the SAO/NASA Astrophysics Data System}
}
@ARTICLE{Jang_etal:2017,
   author = {{Jang}, I.~S. and {Lee}, M.~G.},
    title = "{The Tip of the Red Giant Branch Distances to Type Ia Supernova Host Galaxies. V. NGC 3021, NGC 3370, and NGC 1309 and the value of the Hubble Constant}",
  journal = {ArXiv e-prints},
archivePrefix = "arXiv",
   eprint = {1702.01118},
 keywords = {Astrophysics - Cosmology and Nongalactic Astrophysics, Astrophysics - Astrophysics of Galaxies},
     year = 2017,
    month = feb,
   adsurl = {http://adsabs.harvard.edu/abs/2017arXiv170201118J},
  adsnote = {Provided by the SAO/NASA Astrophysics Data System}
}
@ARTICLE{Jones_etal:2015,
   author = {{Jones}, D.~O. and {Riess}, A.~G. and {Scolnic}, D.~M.},
    title = "{Reconsidering the Effects of Local Star Formation on Type Ia Supernova Cosmology}",
  journal = {\apj},
 keywords = {cosmology: observations, distance scale},
     year = 2015,
    month = oct,
   volume = 812,
      eid = {31},
    pages = {31},
      doi = {10.1088/0004-637X/812/1/31},
   adsurl = {http://adsabs.harvard.edu/abs/2015ApJ...812...31J},
  adsnote = {Provided by the SAO/NASA Astrophysics Data System}
}
@ARTICLE{Karwal_etal:2016,
   author = {{Karwal}, T. and {Kamionkowski}, M.},
    title = "{Dark energy at early times, the Hubble parameter, and the string axiverse}",
  journal = {\prd},
     year = 2016,
    month = nov,
   volume = 94,
   number = 10,
      eid = {103523},
    pages = {103523},
      doi = {10.1103/PhysRevD.94.103523},
   adsurl = {http://adsabs.harvard.edu/abs/2016PhRvD..94j3523K},
  adsnote = {Provided by the SAO/NASA Astrophysics Data System}
}
@ARTICLE{Ko_etal:2016,
   author = {{Ko}, P. and {Tang}, Y.},
    title = "{Light dark photon and fermionic dark radiation for the Hubble constant and the structure formation}",
  journal = {Physics Letters B},
     year = 2016,
    month = nov,
   volume = 762,
    pages = {462-466},
      doi = {10.1016/j.physletb.2016.10.001},
   adsurl = {http://adsabs.harvard.edu/abs/2016PhLB..762..462K},
  adsnote = {Provided by the SAO/NASA Astrophysics Data System}
}
@ARTICLE{Kumar_etal:2016,
   author = {{Kumar}, S. and {Nunes}, R.~C.},
    title = "{Probing the interaction between dark matter and dark energy in the presence of massive neutrinos}",
  journal = {\prd},
     year = 2016,
    month = dec,
   volume = 94,
   number = 12,
      eid = {123511},
    pages = {123511},
      doi = {10.1103/PhysRevD.94.123511},
   adsurl = {http://adsabs.harvard.edu/abs/2016PhRvD..94l3511K},
  adsnote = {Provided by the SAO/NASA Astrophysics Data System}
}

@ARTICLE{Liao:2017,
   author = {{Liao}, K. and {Fan}, X.-L. and {Ding}, X. and {Biesiada}, M. and 
	{Zhu}, Z.-H.},
    title = "{Precision cosmology from future lensed gravitational wave and electromagnetic signals}",
  journal = {Nature Communications},
     year = 2017,
    month = oct,
   volume = 8,
      eid = {1148},
    pages = {1148},
      doi = {10.1038/s41467-017-01152-9},
   adsurl = {http://adsabs.harvard.edu/abs/2017NatCo...8.1148L},
  adsnote = {Provided by the SAO/NASA Astrophysics Data System}
}

@article{TheLIGOScientific:2017qsa,
      author         = "Abbott, B. P. and others",
      title          = "{GW170817: Observation of Gravitational Waves from a
                        Binary Neutron Star Inspiral}",
      collaboration  = "Virgo, LIGO Scientific",
      journal        = "Phys. Rev. Lett.",
      volume         = "119",
      year           = "2017",
      number         = "16",
      pages          = "161101",
      doi            = "10.1103/PhysRevLett.119.161101",
      eprint         = "1710.05832",
      archivePrefix  = "arXiv",
      primaryClass   = "gr-qc",
      reportNumber   = "LIGO-P170817",
}
@ARTICLE{Marshall_etal:2006,
   author = {{Marshall}, P. and {Rajguru}, N. and {Slosar}, A.},
    title = "{Bayesian evidence as a tool for comparing datasets}",
  journal = {\prd},
   eprint = {astro-ph/0412535},
 keywords = {Particle-theory and field-theory models of the early Universe},
     year = 2006,
    month = mar,
   volume = 73,
   number = 6,
      eid = {067302},
    pages = {067302},
      doi = {10.1103/PhysRevD.73.067302},
   adsurl = {http://adsabs.harvard.edu/abs/2006PhRvD..73f7302M},
  adsnote = {Provided by the SAO/NASA Astrophysics Data System}
}

@ARTICLE{Messenger:2013,
   author = {{Messenger}, C. and {Veitch}, J.},
    title = "{Avoiding selection bias in gravitational wave astronomy}",
  journal = {New Journal of Physics},
archivePrefix = "arXiv",
     year = 2013,
    month = may,
   volume = 15,
   number = 5,
      eid = {053027},
    pages = {053027},
      doi = {10.1088/1367-2630/15/5/053027},
   adsurl = {http://adsabs.harvard.edu/abs/2013NJPh...15e3027M},
  adsnote = {Provided by the SAO/NASA Astrophysics Data System}
}
@ARTICLE{Mooley_etal:2018,
   author = {{Mooley}, K.~P. and {Deller}, A.~T. and {Gottlieb}, O. and {Nakar}, E. and 
	{Hallinan}, G. and {Bourke}, S. and {Frail}, D.~A. and {Horesh}, A. and 
	{Corsi}, A. and {Hotokezaka}, K.},
    title = "{Superluminal motion of a relativistic jet in the neutron-star merger GW170817}",
  journal = {\nat},
     year = 2018,
    month = sep,
   volume = 561,
    pages = {355-359},
      doi = {10.1038/s41586-018-0486-3},
   adsurl = {http://adsabs.harvard.edu/abs/2018Natur.561..355M},
  adsnote = {Provided by the SAO/NASA Astrophysics Data System}
}

@ARTICLE{Nair:2018,
   author = {{Nair}, R. and {Bose}, S. and {Saini}, T.~D.},
    title = "{Measuring the Hubble constant: Gravitational wave observations meet galaxy clustering}",
  journal = {\prd},
     year = 2018,
    month = jul,
   volume = 98,
   number = 2,
      eid = {023502},
    pages = {023502},
      doi = {10.1103/PhysRevD.98.023502},
   adsurl = {http://adsabs.harvard.edu/abs/2018PhRvD..98b3502N},
  adsnote = {Provided by the SAO/NASA Astrophysics Data System}
}
@ARTICLE{Neal:2012,
   author = {{Neal}, R.~M.},
    title = "{MCMC using Hamiltonian dynamics}",
  journal = {ArXiv e-prints},
archivePrefix = "arXiv",
   eprint = {1206.1901},
 primaryClass = "stat.CO",
 keywords = {Statistics - Computation, Physics - Computational Physics},
     year = 2012,
    month = jun,
   adsurl = {http://adsabs.harvard.edu/abs/2012arXiv1206.1901N},
  adsnote = {Provided by the SAO/NASA Astrophysics Data System}
}

@ARTICLE{Nissanke_etal:2010,
   author = {{Nissanke}, S. and {Holz}, D.~E. and {Hughes}, S.~A. and {Dalal}, N. and 
	{Sievers}, J.~L.},
    title = "{Exploring Short Gamma-ray Bursts as Gravitational-wave Standard Sirens}",
  journal = {\apj},
 primaryClass = "astro-ph.CO",
 keywords = {cosmology: theory, distance scale, gamma-ray burst: general, gravitational waves},
     year = 2010,
    month = dec,
   volume = 725,
    pages = {496-514},
      doi = {10.1088/0004-637X/725/1/496},
   adsurl = {http://adsabs.harvard.edu/abs/2010ApJ...725..496N},
  adsnote = {Provided by the SAO/NASA Astrophysics Data System}
}
@ARTICLE{Nissanke_etal:2013,
   author = {{Nissanke}, S. and {Holz}, D.~E. and {Dalal}, N. and {Hughes}, S.~A. and 
	{Sievers}, J.~L. and {Hirata}, C.~M.},
    title = "{Determining the Hubble constant from gravitational wave observations of merging compact binaries}",
  journal = {ArXiv e-prints},
archivePrefix = "arXiv",
   eprint = {1307.2638},
 keywords = {Astrophysics - Cosmology and Extragalactic Astrophysics, Astrophysics - High Energy Astrophysical Phenomena, General Relativity and Quantum Cosmology},
     year = 2013,
    month = jul,
   adsurl = {http://adsabs.harvard.edu/abs/2013arXiv1307.2638N},
  adsnote = {Provided by the SAO/NASA Astrophysics Data System}
}

@ARTICLE{Oguri:2016,
   author = {{Oguri}, M.},
    title = "{Measuring the distance-redshift relation with the cross-correlation of gravitational wave standard sirens and galaxies}",
  journal = {\prd},
     year = 2016,
    month = apr,
   volume = 93,
   number = 8,
      eid = {083511},
    pages = {083511},
      doi = {10.1103/PhysRevD.93.083511},
   adsurl = {http://adsabs.harvard.edu/abs/2016PhRvD..93h3511O},
  adsnote = {Provided by the SAO/NASA Astrophysics Data System}
}

@ARTICLE{Padmanabhan_etal:2008,
   author = {{Padmanabhan}, N. and {White}, M.},
    title = "{Constraining anisotropic baryon oscillations}",
  journal = {\prd},
archivePrefix = "arXiv",
   eprint = {0804.0799},
 keywords = {Cosmology, Dark energy, Observational cosmology},
     year = 2008,
    month = jun,
   volume = 77,
   number = 12,
      eid = {123540},
    pages = {123540},
      doi = {10.1103/PhysRevD.77.123540},
   adsurl = {http://adsabs.harvard.edu/abs/2008PhRvD..77l3540P},
  adsnote = {Provided by the SAO/NASA Astrophysics Data System}
}
@ARTICLE{Planck_Int_XLVI:2016,
   author = {{Planck Collaboration}},
    title = "{Planck intermediate results. XLVI. Reduction of large-scale systematic effects in HFI polarization maps and estimation of the reionization optical depth}",
  journal = {\aap},
 keywords = {cosmology: observations, dark ages, reionization, first stars, cosmic background radiation, space vehicles: instruments, instrumentation: detectors},
     year = 2016,
    month = dec,
   volume = 596,
      eid = {A107},
    pages = {A107},
      doi = {10.1051/0004-6361/201628890},
   adsurl = {http://adsabs.harvard.edu/abs/2016A%26A...596A.107P},
  adsnote = {Provided by the SAO/NASA Astrophysics Data System}
}
@ARTICLE{Planck_Int_LI:2016,
   author = {{Planck Collaboration}},
    title = "{Planck intermediate results. LI. Features in the cosmic microwave background temperature power spectrum and shifts in cosmological parameters}",
  journal = {ArXiv e-prints},
archivePrefix = "arXiv",
   eprint = {1608.02487},
 keywords = {Astrophysics - Cosmology and Nongalactic Astrophysics},
     year = 2016,
    month = aug,
   adsurl = {http://adsabs.harvard.edu/abs/2016arXiv160802487P},
  adsnote = {Provided by the SAO/NASA Astrophysics Data System}
}
@ARTICLE{Planck_XIII:2016,
   author = {{Planck Collaboration}},
    title = "{Planck 2015 results. XIII. Cosmological parameters}",
  journal = {\aap},
archivePrefix = "arXiv",
   eprint = {1502.01589},
 keywords = {cosmology: observations, cosmology: theory, cosmic background radiation, cosmological parameters},
     year = 2016,
    month = sep,
   volume = 594,
      eid = {A13},
    pages = {A13},
      doi = {10.1051/0004-6361/201525830},
   adsurl = {http://adsabs.harvard.edu/abs/2016A%26A...594A..13P},
  adsnote = {Provided by the SAO/NASA Astrophysics Data System}
}
@ARTICLE{Planck_VI:2018,
       author = {{Planck Collaboration}},
        title = "{Planck 2018 results. VI. Cosmological parameters}",
      journal = {arXiv e-prints},
     keywords = {Astrophysics - Cosmology and Nongalactic Astrophysics},
       eprint = {1807.06209},
         year = "2018",
        month = "Jul",
archivePrefix = {arXiv},
 primaryClass = {astro-ph.CO},
       adsurl = {https://ui.adsabs.harvard.edu/abs/2018arXiv180706209P},
      adsnote = {Provided by the SAO/NASA Astrophysics Data System}
}
@ARTICLE{Poulin_etal:2018,
       author = {{Poulin}, Vivian and {Smith}, Tristan L. and {Karwal}, Tanvi and
         {Kamionkowski}, Marc},
        title = "{Early Dark Energy can Resolve the Hubble Tension}",
      journal = {\prl},
     keywords = {Astrophysics - Cosmology and Nongalactic Astrophysics, High Energy Physics - Phenomenology},
         year = "2019",
        month = "Jun",
       volume = {122},
       number = {22},
          eid = {221301},
        pages = {221301},
          doi = {10.1103/PhysRevLett.122.221301},
 primaryClass = {astro-ph.CO},
       adsurl = {https://ui.adsabs.harvard.edu/abs/2019PhRvL.122v1301P},
      adsnote = {Provided by the SAO/NASA Astrophysics Data System}
}

@ARTICLE{Pourtsidou_etal:2016,
   author = {{Pourtsidou}, A. and {Tram}, T.},
    title = "{Reconciling CMB and structure growth measurements with dark energy interactions}",
  journal = {\prd},
     year = 2016,
    month = aug,
   volume = 94,
   number = 4,
      eid = {043518},
    pages = {043518},
      doi = {10.1103/PhysRevD.94.043518},
   adsurl = {http://adsabs.harvard.edu/abs/2016PhRvD..94d3518P},
  adsnote = {Provided by the SAO/NASA Astrophysics Data System}
}

@ARTICLE{delPozzo:2017,
   author = {{Del Pozzo}, W. and {Li}, T.~G.~F. and {Messenger}, C.},
    title = "{Cosmological inference using only gravitational wave observations of binary neutron stars}",
  journal = {\prd},
     year = 2017,
    month = feb,
   volume = 95,
   number = 4,
      eid = {043502},
    pages = {043502},
      doi = {10.1103/PhysRevD.95.043502},
   adsurl = {http://adsabs.harvard.edu/abs/2017PhRvD..95d3502D},
  adsnote = {Provided by the SAO/NASA Astrophysics Data System}
}

@ARTICLE{Prilepina_etal:2017,
   author = {{Prilepina}, V. and {Tsai}, Y.},
    title = "{Reconciling large- and small-scale structure in Twin Higgs models}",
  journal = {\jhep},
 primaryClass = "hep-ph",
 keywords = {Cosmology of Theories beyond the SM, Beyond Standard Model},
     year = 2017,
    month = sep,
   volume = 9,
      eid = {33},
    pages = {33},
      doi = {10.1007/JHEP09(2017)033},
   adsurl = {http://adsabs.harvard.edu/abs/2017JHEP...09..033P},
  adsnote = {Provided by the SAO/NASA Astrophysics Data System}
}
@misc{PyCBC,
  author       = {Alex Nitz and
                  Ian Harry and
                  Duncan Brown and
                  Christopher M. Biwer and
                  Josh Willis and
                  Tito Dal Canton and
                  Larne Pekowsky and
                  Thomas Dent and
                  Andrew R. Williamson and
                  Collin Capano and
                  Soumi De and
                  Miriam Cabero and
                  Bernd Machenschalk and
                  Prayush Kumar and
                  Steven Reyes and
                  Thomas Massinger and
                  Amber Lenon and
                  Stephen Fairhurst and
                  Alex Nielsen and
                  shasvath and
                  Francesco Pannarale and
                  Leo Singer and
                  Duncan Macleod and
                  Stanislav Babak and
                  Hunter Gabbard and
                  John Veitch and
                  CBC Sugar and
                  Sebastian Khan and
                  dfinstad and
                  Lorena Magaña Zertuche},
  title        = {ligo-cbc/pycbc: post-02 release 3},
  month        = nov,
  year         = 2017,
  doi          = {10.5281/zenodo.1058970},
  url          = {https://doi.org/10.5281/zenodo.1058970}
}
@misc{pystan,
Author = {{Stan Development Team}},
Title = {{PyStan}: the Python interface to Stan, {Version} 2.14.0.0},
Url = {http://mc-stan.org},
Year = {2016}
}
@ARTICLE{Riess_etal:1998,
journal = {\aj},
year = 1998,
month = sep,
volume = 116,
pages = {1009-1038},
doi = {10.1086/300499},
title = "{Observational Evidence from Supernovae for an Accelerating Universe and a Cosmological Constant}",
keywords = {COSMOLOGY: OBSERVATIONS, STARS: SUPERNOVAE: GENERAL},
author = {{Riess}, A.~G. and {Filippenko}, A.~V. and {Challis}, P. and 	{Clocchiatti}, A. and {Diercks}, A. and {Garnavich}, P.~M. and  	{Gilliland}, R.~L. and {Hogan}, C.~J. and {Jha}, S. and {Kirshner}, R.~P. and  	{Leibundgut}, B. and {Phillips}, M.~M. and {Reiss}, D. and {Schmidt}, B.~P. and  	{Schommer}, R.~A. and {Smith}, R.~C. and {Spyromilio}, J. and  	{Stubbs}, C. and {Suntzeff}, N.~B. and {Tonry}, J.},
}
@ARTICLE{Riess_etal:1999,
   author = {{Riess}, A.~G. and {Kirshner}, R.~P. and {Schmidt}, B.~P. and 
	{Jha}, S. and {Challis}, P. and {Garnavich}, P.~M. and {Esin}, A.~A. and 
	{Carpenter}, C. and {Grashius}, R. and {Schild}, R.~E. and {Berlind}, P.~L. and 
	{Huchra}, J.~P. and {Prosser}, C.~F. and {Falco}, E.~E. and 
	{Benson}, P.~J. and {Brice{\~n}o}, C. and {Brown}, W.~R. and 
	{Caldwell}, N. and {dell'Antonio}, I.~P. and {Filippenko}, A.~V. and 
	{Goodman}, A.~A. and {Grogin}, N.~A. and {Groner}, T. and {Hughes}, J.~P. and 
	{Green}, P.~J. and {Jansen}, R.~A. and {Kleyna}, J.~T. and {Luu}, J.~X. and 
	{Macri}, L.~M. and {McLeod}, B.~A. and {McLeod}, K.~K. and {McNamara}, B.~R. and 
	{McLean}, B. and {Milone}, A.~A.~E. and {Mohr}, J.~J. and {Moraru}, D. and 
	{Peng}, C. and {Peters}, J. and {Prestwich}, A.~H. and {Stanek}, K.~Z. and 
	{Szentgyorgyi}, A. and {Zhao}, P.},
    title = "{BVRI Light Curves for 22 Type IA Supernovae}",
  journal = {\aj},
 keywords = {STARS: SUPERNOVAE: GENERAL},
     year = 1999,
    month = feb,
   volume = 117,
    pages = {707-724},
      doi = {10.1086/300738},
   adsurl = {http://adsabs.harvard.edu/abs/1999AJ....117..707R},
  adsnote = {Provided by the SAO/NASA Astrophysics Data System}
}
@ARTICLE{Riess_etal:2009,
journal = {\apj},
archivePrefix = "arXiv",
primaryClass = "astro-ph.CO",
year = 2009,
month = jul,
volume = 699,
pages = {539-563},
doi = {10.1088/0004-637X/699/1/539},
author = {{Riess}, A.~G. and {Macri}, L. and {Casertano}, S. and {Sosey}, M. and 	{Lampeitl}, H. and {Ferguson}, H.~C. and {Filippenko}, A.~V. and  	{Jha}, S.~W. and {Li}, W. and {Chornock}, R. and {Sarkar}, D. 	},
title = "{A Redetermination of the Hubble Constant with the Hubble Space Telescope from a Differential Distance Ladder}",
keywords = {cosmology: observations, distance scale, galaxies: distances and redshifts, supernovae: general},
}
@ARTICLE{Riess_etal:2011,
journal = {\apj},
archivePrefix = "arXiv",
primaryClass = "astro-ph.CO",
year = 2011,
month = apr,
volume = 730,
eid = {119},
pages = {119},
doi = {10.1088/0004-637X/730/2/119},
author = {{Riess}, A.~G. and {Macri}, L. and {Casertano}, S. and {Lampeitl}, H. and 	{Ferguson}, H.~C. and {Filippenko}, A.~V. and {Jha}, S.~W. and  	{Li}, W. and {Chornock}, R.},
title = "{A 3\% Solution: Determination of the Hubble Constant with the Hubble Space Telescope and Wide Field Camera 3}",
keywords = {cosmological parameters, dark energy, distance scale, galaxies: distances and redshifts, stars: variables: Cepheids, supernovae: general},
}
@ARTICLE{Riess_etal:2012,
   author = {{Riess}, A.~G. and {Fliri}, J. and {Valls-Gabaud}, D.},
    title = "{Cepheid Period-Luminosity Relations in the Near-infrared and the Distance to M31 from the Hubble Space Telescope Wide Field Camera 3}",
  journal = {\apj},
archivePrefix = "arXiv",
   eprint = {1110.3769},
 keywords = {cosmological parameters, cosmology: observations, distance scale, galaxies: distances and redshifts, stars: variables: Cepheids},
     year = 2012,
    month = feb,
   volume = 745,
      eid = {156},
    pages = {156},
      doi = {10.1088/0004-637X/745/2/156},
   adsurl = {http://adsabs.harvard.edu/abs/2012ApJ...745..156R},
  adsnote = {Provided by the SAO/NASA Astrophysics Data System}
}
@ARTICLE{Riess_etal:2014,
   author = {{Riess}, A.~G. and {Casertano}, S. and {Anderson}, J. and {MacKenty}, J. and 
	{Filippenko}, A.~V.},
    title = "{Parallax beyond a Kiloparsec from Spatially Scanning the Wide Field Camera 3 on the Hubble Space Telescope}",
  journal = {\apj},
archivePrefix = "arXiv",
   eprint = {1401.0484},
 primaryClass = "astro-ph.IM",
 keywords = {cosmology: observations, distance scale, galaxies: distances and redshifts},
     year = 2014,
    month = apr,
   volume = 785,
      eid = {161},
    pages = {161},
      doi = {10.1088/0004-637X/785/2/161},
   adsurl = {http://adsabs.harvard.edu/abs/2014ApJ...785..161R},
  adsnote = {Provided by the SAO/NASA Astrophysics Data System}
}
@ARTICLE{Riess_etal:2016,
   author = {{Riess}, A.~G. and others},
    title = "{A 2.4\% Determination of the Local Value of the Hubble Constant}",
  journal = {\apj},
archivePrefix = "arXiv",
   eprint = {1604.01424},
 keywords = {cosmological parameters, cosmology: observations, distance scale, galaxies: distances and redshifts},
     year = 2016,
    month = jul,
   volume = 826,
      eid = {56},
    pages = {56},
      doi = {10.3847/0004-637X/826/1/56},
   adsurl = {http://adsabs.harvard.edu/abs/2016ApJ...826...56R},
  adsnote = {Provided by the SAO/NASA Astrophysics Data System}
}
@ARTICLE{Riess_etal:2018,
   author = {{Riess}, A.~G. and {Casertano}, S. and {Yuan}, W. and {Macri}, L. and 
	{Bucciarelli}, B. and {Lattanzi}, M.~G. and {MacKenty}, J.~W. and 
	{Bowers}, J.~B. and {Zheng}, W. and {Filippenko}, A.~V. and 
	{Huang}, C. and {Anderson}, R.~I.},
    title = "{Milky Way Cepheid Standards for Measuring Cosmic Distances and Application to Gaia DR2: Implications for the Hubble Constant}",
  journal = {\apj},
 keywords = {cosmology: observations, distance scale, parallaxes },
     year = 2018,
    month = jul,
   volume = 861,
      eid = {126},
    pages = {126},
      doi = {10.3847/1538-4357/aac82e},
   adsurl = {http://adsabs.harvard.edu/abs/2018ApJ...861..126R},
  adsnote = {Provided by the SAO/NASA Astrophysics Data System}
}
@ARTICLE{Rigault_etal:2015,
   author = {{Rigault}, M. and others},
    title = "{Confirmation of a Star Formation Bias in Type Ia Supernova Distances and its Effect on the Measurement of the Hubble Constant}",
  journal = {\apj},
 keywords = {cosmology: observations, distance scale, galaxies: distances and redshifts, supernovae: general, ultraviolet: galaxies},
     year = 2015,
    month = mar,
   volume = 802,
      eid = {20},
    pages = {20},
      doi = {10.1088/0004-637X/802/1/20},
   adsurl = {http://adsabs.harvard.edu/abs/2015ApJ...802...20R},
  adsnote = {Provided by the SAO/NASA Astrophysics Data System}
}
@ARTICLE{Rigault_etal:2018,
   author = {{Rigault}, M. and others},
    title = "{Strong Dependence of Type Ia Supernova Standardization on the Local Specific Star Formation Rate}",
  journal = {ArXiv e-prints},
archivePrefix = "arXiv",
   eprint = {1806.03849},
 keywords = {Astrophysics - Cosmology and Nongalactic Astrophysics, Astrophysics - Astrophysics of Galaxies},
     year = 2018,
    month = jun,
   adsurl = {http://adsabs.harvard.edu/abs/2018arXiv180603849R},
  adsnote = {Provided by the SAO/NASA Astrophysics Data System}
}
@ARTICLE{Santos_etal:2017,
   author = {{Santos}, B. and {Coley}, A.~A. and {Chandrachani Devi}, N. and 
	{Alcaniz}, J.~S.},
    title = "{Testing averaged cosmology with type Ia supernovae and BAO data}",
  journal = {\jcap},
     year = 2017,
    month = feb,
   volume = 2,
      eid = {047},
    pages = {047},
      doi = {10.1088/1475-7516/2017/02/047},
   adsurl = {http://adsabs.harvard.edu/abs/2017JCAP...02..047S},
  adsnote = {Provided by the SAO/NASA Astrophysics Data System}
}

@ARTICLE{Sathyaprakash:2010,
   author = {{Sathyaprakash}, B.~S. and {Schutz}, B.~F. and {Van Den Broeck}, C.
	},
    title = "{Cosmography with the Einstein Telescope}",
  journal = {Classical and Quantum Gravity},
 primaryClass = "astro-ph.CO",
     year = 2010,
    month = nov,
   volume = 27,
   number = 21,
      eid = {215006},
    pages = {215006},
      doi = {10.1088/0264-9381/27/21/215006},
   adsurl = {http://adsabs.harvard.edu/abs/2010CQGra..27u5006S},
  adsnote = {Provided by the SAO/NASA Astrophysics Data System}
}
@ARTICLE{Seto:2018,
   author = {{Seto}, N. and {Kyutoku}, K.},
    title = "{Prospects of the local Hubble parameter measurement using gravitational waves from double neutron stars}",
  journal = {\mnras},
 keywords = {gravitational waves},
     year = 2018,
    month = apr,
   volume = 475,
    pages = {4133-4139},
      doi = {10.1093/mnras/sty090},
   adsurl = {http://adsabs.harvard.edu/abs/2018MNRAS.475.4133S},
  adsnote = {Provided by the SAO/NASA Astrophysics Data System}
}


@ARTICLE{Singer_Price:2016,
   author = {{Singer}, L.~P. and {Price}, L.~R.},
    title = "{Rapid Bayesian position reconstruction for gravitational-wave transients}",
  journal = {\prd},
     year = 2016,
    month = jan,
   volume = 93,
   number = 2,
      eid = {024013},
    pages = {024013},
      doi = {10.1103/PhysRevD.93.024013},
   adsurl = {http://adsabs.harvard.edu/abs/2016PhRvD..93b4013S},
  adsnote = {Provided by the SAO/NASA Astrophysics Data System}
}
@ARTICLE{Schutz:1986,
   author = {{Schutz}, B.~F.},
    title = "{Determining the Hubble constant from gravitational wave observations}",
  journal = {\nat},
 keywords = {Astrometry, Gravitational Waves, Hubble Constant, Binary Stars, Gravitational Wave Antennas, Kilometric Waves, Neutron Stars, Orbit Decay},
     year = 1986,
    month = sep,
   volume = 323,
    pages = {310},
      doi = {10.1038/323310a0},
   adsurl = {http://adsabs.harvard.edu/abs/1986Natur.323..310S},
  adsnote = {Provided by the SAO/NASA Astrophysics Data System}
}
@ARTICLE{Scolnic_etal:2015,
   author = {{Scolnic}, D. and {Casertano}, S. and {Riess}, A. and {Rest}, A. and 
	{Schlafly}, E. and {Foley}, R.~J. and {Finkbeiner}, D. and {Tang}, C. and 
	{Burgett}, W.~S. and {Chambers}, K.~C. and {Draper}, P.~W. and 
	{Flewelling}, H. and {Hodapp}, K.~W. and {Huber}, M.~E. and 
	{Kaiser}, N. and {Kudritzki}, R.~P. and {Magnier}, E.~A. and 
	{Metcalfe}, N. and {Stubbs}, C.~W.},
    title = "{Supercal: Cross-calibration of Multiple Photometric Systems to Improve Cosmological Measurements with Type Ia Supernovae}",
  journal = {\apj},
archivePrefix = "arXiv",
   eprint = {1508.05361},
 primaryClass = "astro-ph.IM",
 keywords = {dark energy, supernovae: general, surveys},
     year = 2015,
    month = dec,
   volume = 815,
      eid = {117},
    pages = {117},
      doi = {10.1088/0004-637X/815/2/117},
   adsurl = {http://adsabs.harvard.edu/abs/2015ApJ...815..117S},
  adsnote = {Provided by the SAO/NASA Astrophysics Data System}
}
@ARTICLE{Scolnic_etal:2017,
   author = {{Scolnic}, D.~M. and others},
    title = "{The Complete Light-curve Sample of Spectroscopically Confirmed Type Ia Supernovae from Pan-STARRS1 and Cosmological Constraints from The Combined Pantheon Sample}",
  journal = {ArXiv e-prints},
archivePrefix = "arXiv",
   eprint = {1710.00845},
 keywords = {Astrophysics - Cosmology and Nongalactic Astrophysics},
     year = 2017,
    month = oct,
   adsurl = {http://adsabs.harvard.edu/abs/2017arXiv171000845S},
  adsnote = {Provided by the SAO/NASA Astrophysics Data System}
}
@ARTICLE{Scolnic_Kessler:2016,
   author = {{Scolnic}, D. and {Kessler}, R.},
    title = "{Measuring Type Ia Supernova Populations of Stretch and Color and Predicting Distance Biases}",
  journal = {\apjl},
archivePrefix = "arXiv",
   eprint = {1603.01559},
 keywords = {dark energy, supernovae: general},
     year = 2016,
    month = may,
   volume = 822,
      eid = {L35},
    pages = {L35},
      doi = {10.3847/2041-8205/822/2/L35},
   adsurl = {http://adsabs.harvard.edu/abs/2016ApJ...822L..35S},
  adsnote = {Provided by the SAO/NASA Astrophysics Data System}
}
@ARTICLE{Shafieloo_etal:2012,
   author = {{Shafieloo}, A. and {Kim}, A.~G. and {Linder}, E.~V.},
    title = "{Gaussian process cosmography}",
  journal = {\prd},
archivePrefix = "arXiv",
   eprint = {1204.2272},
 primaryClass = "astro-ph.CO",
 keywords = {Cosmology, Probability theory stochastic processes and statistics, Dark energy},
     year = 2012,
    month = jun,
   volume = 85,
   number = 12,
      eid = {123530},
    pages = {123530},
      doi = {10.1103/PhysRevD.85.123530},
   adsurl = {http://adsabs.harvard.edu/abs/2012PhRvD..85l3530S},
  adsnote = {Provided by the SAO/NASA Astrophysics Data System}
}
@ARTICLE{Solar_etal:2017,
   author = {{Sol{\`a}}, J. and {G{\'o}mez-Valent}, A. and {de Cruz P{\'e}rez}, J.
	},
    title = "{The H$_{0}$ tension in light of vacuum dynamics in the universe}",
  journal = {Physics Letters B},
     year = 2017,
    month = nov,
   volume = 774,
    pages = {317-324},
      doi = {10.1016/j.physletb.2017.09.073},
   adsurl = {http://adsabs.harvard.edu/abs/2017PhLB..774..317S},
  adsnote = {Provided by the SAO/NASA Astrophysics Data System}
}
@ARTICLE{Spergel_etal:2015,
   author = {{Spergel}, D.~N. and {Flauger}, R. and {Hlo{\v z}ek}, R.},
    title = "{Planck data reconsidered}",
  journal = {\prd},
 keywords = {Cosmology, Observational cosmology},
     year = 2015,
    month = jan,
   volume = 91,
   number = 2,
      eid = {023518},
    pages = {023518},
      doi = {10.1103/PhysRevD.91.023518},
   adsurl = {http://adsabs.harvard.edu/abs/2015PhRvD..91b3518S},
  adsnote = {Provided by the SAO/NASA Astrophysics Data System}
}
@article{Veitch:2014wba,
       author = {{Veitch}, J. and {Raymond}, V. and {Farr}, B. and {Farr}, W. and
         {Graff}, P. and {Vitale}, S. and {Aylott}, B. and {Blackburn}, K. and
         {Christensen}, N. and {Coughlin}, M. and {Del Pozzo}, W. and
         {Feroz}, F. and {Gair}, J. and {Haster}, C. -J. and {Kalogera}, V. and
         {Littenberg}, T. and {Mandel}, I. and {O'Shaughnessy}, R. and
         {Pitkin}, M. and {Rodriguez}, C. and {R{\"o}ver}, C. and {Sidery}, T. and
         {Smith}, R. and {van Der Sluys}, M. and {Vecchio}, A. and
         {Vousden}, W. and {Wade}, L.},
        title = "{Parameter estimation for compact binaries with ground-based gravitational-wave observations using the LALInference software library}",
      journal = {\prd},
     keywords = {02.50.Tt, 04.30.-w, 95.85.Sz, Inference methods, Gravitational waves: theory, Gravitational radiation magnetic fields and other observations, General Relativity and Quantum Cosmology, Astrophysics - High Energy Astrophysical Phenomena, Astrophysics - Instrumentation and Methods for Astrophysics},
         year = "2015",
        month = "Feb",
       volume = {91},
       number = {4},
          eid = {042003},
        pages = {042003},
          doi = {10.1103/PhysRevD.91.042003},
       adsurl = {https://ui.adsabs.harvard.edu/abs/2015PhRvD..91d2003V},
      adsnote = {Provided by the SAO/NASA Astrophysics Data System}
}
@ARTICLE{Vega-Ferrero_etal:2017,
   author = {{Vega-Ferrero}, J. and {Diego}, J.~M. and {Miranda}, V. and 
	{Bernstein}, G.~M.},
    title = "{The Hubble constant from SN Refsdal}",
  journal = {ArXiv e-prints},
archivePrefix = "arXiv",
   eprint = {1712.05800},
 keywords = {Astrophysics - Cosmology and Nongalactic Astrophysics, Astrophysics - Astrophysics of Galaxies},
     year = 2017,
    month = dec,
   adsurl = {http://adsabs.harvard.edu/abs/2017arXiv171205800V},
  adsnote = {Provided by the SAO/NASA Astrophysics Data System}
}
@ARTICLE{Verde_etal:2017,
   author = {{Verde}, L. and {Bellini}, E. and {Pigozzo}, C. and {Heavens}, A.~F. and 
	{Jimenez}, R.},
    title = "{Early cosmology constrained}",
  journal = {\jcap},
archivePrefix = "arXiv",
   eprint = {1611.00376},
     year = 2017,
    month = apr,
   volume = 4,
      eid = {023},
    pages = {023},
      doi = {10.1088/1475-7516/2017/04/023},
   adsurl = {http://adsabs.harvard.edu/abs/2017JCAP...04..023V},
  adsnote = {Provided by the SAO/NASA Astrophysics Data System}
}
@ARTICLE{Vitale_etal:2012,
   author = {{Vitale}, S. and {Del Pozzo}, W. and {Li}, T.~G.~F. and {Van Den Broeck}, C. and 
	{Mandel}, I. and {Aylott}, B. and {Veitch}, J.},
    title = "{Effect of calibration errors on Bayesian parameter estimation for gravitational wave signals from inspiral binary systems in the advanced detectors era}",
  journal = {\prd},
archivePrefix = "arXiv",
   eprint = {1111.3044},
 primaryClass = "gr-qc",
 keywords = {Wave generation and sources, Experimental tests of gravitational theories},
     year = 2012,
    month = mar,
   volume = 85,
   number = 6,
      eid = {064034},
    pages = {064034},
      doi = {10.1103/PhysRevD.85.064034},
   adsurl = {http://adsabs.harvard.edu/abs/2012PhRvD..85f4034V},
  adsnote = {Provided by the SAO/NASA Astrophysics Data System}
}
@ARTICLE{Wang_etal:2017,
   author = {{Wang}, Y. and {Xu}, L. and {Zhao}, G.-B.},
    title = "{A Measurement of the Hubble Constant Using Galaxy Redshift Surveys}",
  journal = {\apj},
archivePrefix = "arXiv",
   eprint = {1706.09149},
 keywords = {cosmological parameters, distance scale, large-scale structure of universe},
     year = 2017,
    month = nov,
   volume = 849,
      eid = {84},
    pages = {84},
      doi = {10.3847/1538-4357/aa8f48},
   adsurl = {http://adsabs.harvard.edu/abs/2017ApJ...849...84W},
  adsnote = {Provided by the SAO/NASA Astrophysics Data System}
}
@ARTICLE{Wu_Huterer:2017,
   author = {{Wu}, H.-Y. and {Huterer}, D.},
    title = "{Sample variance in the local measurements of the Hubble constant}",
  journal = {\mnras},
 keywords = {methods: numerical, galaxies: haloes, cosmological parameters, large-scale structure of Universe, cosmology: theory},
     year = 2017,
    month = nov,
   volume = 471,
    pages = {4946-4955},
      doi = {10.1093/mnras/stx1967},
   adsurl = {http://adsabs.harvard.edu/abs/2017MNRAS.471.4946W},
  adsnote = {Provided by the SAO/NASA Astrophysics Data System}
}
@ARTICLE{Wyman_etal:2014,
   author = {{Wyman}, M. and {Rudd}, D.~H. and {Vanderveld}, R.~A. and {Hu}, W.
	},
    title = "{Neutrinos Help Reconcile Planck Measurements with the Local Universe}",
  journal = {\prl},
 primaryClass = "astro-ph.CO",
 keywords = {Observational cosmology, Neutrino mass and mixing, Non-standard-model neutrinos right-handed neutrinos etc.},
     year = 2014,
    month = feb,
   volume = 112,
   number = 5,
      eid = {051302},
    pages = {051302},
      doi = {10.1103/PhysRevLett.112.051302},
   adsurl = {http://adsabs.harvard.edu/abs/2014PhRvL.112e1302W},
  adsnote = {Provided by the SAO/NASA Astrophysics Data System}
}
@ARTICLE{Yang_etal:2018a,
     author = {{Yang}, Weiqiang and {Mukherjee}, Ankan and {Di Valentino}, Eleonora and
         {Pan}, Supriya},
        title = "{Interacting dark energy with time varying equation of state and the H$_{0}$ tension}",
      journal = {\prd},
     keywords = {Astrophysics - Cosmology and Nongalactic Astrophysics, General Relativity and Quantum Cosmology},
         year = "2018",
        month = "Dec",
       volume = {98},
       number = {12},
          eid = {123527},
        pages = {123527},
          doi = {10.1103/PhysRevD.98.123527},
 primaryClass = {astro-ph.CO},
       adsurl = {https://ui.adsabs.harvard.edu/abs/2018PhRvD..98l3527Y},
      adsnote = {Provided by the SAO/NASA Astrophysics Data System}
}
@ARTICLE{Yang_etal:2018b,
      author = {{Yang}, Weiqiang and {Pan}, Supriya and {Di Valentino}, Eleonora and
         {Saridakis}, Emmanuel N. and {Chakraborty}, Subenoy},
        title = "{Observational constraints on one-parameter dynamical dark-energy parametrizations and the H$_{0}$ tension}",
      journal = {\prd},
     keywords = {Astrophysics - Cosmology and Nongalactic Astrophysics, General Relativity and Quantum Cosmology},
         year = "2019",
        month = "Feb",
       volume = {99},
       number = {4},
          eid = {043543},
        pages = {043543},
          doi = {10.1103/PhysRevD.99.043543},
 primaryClass = {astro-ph.CO},
       adsurl = {https://ui.adsabs.harvard.edu/abs/2019PhRvD..99d3543Y},
      adsnote = {Provided by the SAO/NASA Astrophysics Data System}
}

@ARTICLE{Zhang_etal:2017,
   author = {{Zhang}, B.~R. and {Childress}, M.~J. and {Davis}, T.~M. and 
	{Karpenka}, N.~V. and {Lidman}, C. and {Schmidt}, B.~P. and 
	{Smith}, M.},
    title = "{A blinded determination of H$_{0}$ from low-redshift Type Ia supernovae, calibrated by Cepheid variables}",
  journal = {\mnras},
 keywords = {supernovae: general, stars: variables: Cepheids, cosmological parameters, distance scale, cosmology: observations},
     year = 2017,
    month = oct,
   volume = 471,
    pages = {2254-2285},
      doi = {10.1093/mnras/stx1600},
   adsurl = {http://adsabs.harvard.edu/abs/2017MNRAS.471.2254Z},
  adsnote = {Provided by the SAO/NASA Astrophysics Data System}
}
@ARTICLE{Zhao_etal:2017,
   author = {{Zhao}, G.-B. and others},
    title = "{Dynamical dark energy in light of the latest observations}",
  journal = {Nature Astronomy},
     year = 2017,
    month = sep,
   volume = 1,
    pages = {627-632},
      doi = {10.1038/s41550-017-0216-z},
   adsurl = {http://adsabs.harvard.edu/abs/2017NatAs...1..627Z},
  adsnote = {Provided by the SAO/NASA Astrophysics Data System}
}
@ARTICLE{Zhao_M_etal:2017,
   author = {{Zhao}, M.-M. and {He}, D.-Z. and {Zhang}, J.-F. and {Zhang}, X.
	},
    title = "{Search for sterile neutrinos in holographic dark energy cosmology: Reconciling Planck observation with the local measurement of the Hubble constant}",
  journal = {\prd},
     year = 2017,
    month = aug,
   volume = 96,
   number = 4,
      eid = {043520},
    pages = {043520},
      doi = {10.1103/PhysRevD.96.043520},
   adsurl = {http://adsabs.harvard.edu/abs/2017PhRvD..96d3520Z},
  adsnote = {Provided by the SAO/NASA Astrophysics Data System}
}
@ARTICLE{scikit-learn,
title={Scikit-learn: Machine Learning in {P}ython},
author={Pedregosa, F. and others},
journal={Journal of Machine Learning Research},
volume={12},
pages={2825--2830},
year={2011}
}

@ARTICLE{Visser:2004,
   author = {{Visser}, M.},
    title = "{Jerk, snap and the cosmological equation of state}",
  journal = {Classical and Quantum Gravity},
   eprint = {gr-qc/0309109},
     year = 2004,
    month = jun,
   volume = 21,
    pages = {2603-2615},
      doi = {10.1088/0264-9381/21/11/006},
   adsurl = {http://adsabs.harvard.edu/abs/2004CQGra..21.2603V},
  adsnote = {Provided by the SAO/NASA Astrophysics Data System}
}


@ARTICLE{Chiba_Nakamura:1998,
   author = {{Chiba}, T. and {Nakamura}, T.},
    title = "{The Luminosity Distance, the Equation of State, and the Geometry of the Universe}",
  journal = {Progress of Theoretical Physics},
   eprint = {astro-ph/9808022},
     year = 1998,
    month = nov,
   volume = 100,
    pages = {1077-1082},
      doi = {10.1143/PTP.100.1077},
   adsurl = {http://adsabs.harvard.edu/abs/1998PThPh.100.1077C},
  adsnote = {Provided by the SAO/NASA Astrophysics Data System}
}

@BOOK{Streit:2010,
    title = {Poisson Point Processes},
   author = {{Streit}, R.~L.},
     year = 2010,
publisher = {Springer}
}

@ARTICLE{Dalal:2006,
   author = {{Dalal}, N. and {Holz}, D.~E. and {Hughes}, S.~A. and {Jain}, B.
	},
    title = "{Short GRB and binary black hole standard sirens as a probe of dark energy}",
  journal = {\prd},
 keywords = {Wave generation and sources, Dark energy, gamma-ray sources, gamma-ray bursts, Cosmology},
     year = 2006,
    month = sep,
   volume = 74,
   number = 6,
      eid = {063006},
    pages = {063006},
      doi = {10.1103/PhysRevD.74.063006},
   adsurl = {http://adsabs.harvard.edu/abs/2006PhRvD..74f3006D},
  adsnote = {Provided by the SAO/NASA Astrophysics Data System}
}

@ARTICLE{del_Pozzo:2012,
   author = {{Del Pozzo}, W.},
    title = "{Inference of cosmological parameters from gravitational waves: Applications to second generation interferometers}",
  journal = {\prd},
 keywords = {Gravitational radiation magnetic fields and other observations, Gravitational waves: theory, Cosmology},
     year = 2012,
    month = aug,
   volume = 86,
   number = 4,
      eid = {043011},
    pages = {043011},
      doi = {10.1103/PhysRevD.86.043011},
   adsurl = {http://adsabs.harvard.edu/abs/2012PhRvD..86d3011D},
  adsnote = {Provided by the SAO/NASA Astrophysics Data System}
}

@ARTICLE{Taylor_Gair:2012b,
   author = {{Taylor}, S.~R. and {Gair}, J.~R.},
    title = "{Cosmology with the lights off: Standard sirens in the Einstein Telescope era}",
  journal = {\prd},
 primaryClass = "astro-ph.CO",
 keywords = {Observational cosmology, Gravitational-wave astrophysics, Gravitational wave detectors and experiments, Gravitational radiation magnetic fields and other observations},
     year = 2012,
    month = jul,
   volume = 86,
   number = 2,
      eid = {023502},
    pages = {023502},
      doi = {10.1103/PhysRevD.86.023502},
   adsurl = {http://adsabs.harvard.edu/abs/2012PhRvD..86b3502T},
  adsnote = {Provided by the SAO/NASA Astrophysics Data System}
}

@ARTICLE{Taylor_etal:2012,
   author = {{Taylor}, S.~R. and {Gair}, J.~R. and {Mandel}, I.},
    title = "{Cosmology using advanced gravitational-wave detectors alone}",
  journal = {\prd},
 keywords = {Observational cosmology, Gravitational-wave astrophysics, Gravitational wave detectors and experiments, Gravitational radiation magnetic fields and other observations},
     year = 2012,
    month = jan,
   volume = 85,
   number = 2,
      eid = {023535},
    pages = {023535},
      doi = {10.1103/PhysRevD.85.023535},
   adsurl = {http://adsabs.harvard.edu/abs/2012PhRvD..85b3535T},
  adsnote = {Provided by the SAO/NASA Astrophysics Data System}
}

@INPROCEEDINGS{Nishizawa:2012,
   author = {{Nishizawa}, A. and {Yagi}, K. and {Taruya}, A. and {Tanaka}, T.
	},
    title = "{Gravitational-wave standard siren without redshift identification}",
booktitle = {Journal of Physics Conference Series},
     year = 2012,
   series = {Journal of Physics Conference Series},
   volume = 363,
    month = jun,
      eid = {012052},
    pages = {012052},
      doi = {10.1088/1742-6596/363/1/012052},
   adsurl = {http://adsabs.harvard.edu/abs/2012JPhCS.363a2052N},
  adsnote = {Provided by the SAO/NASA Astrophysics Data System}
}

@ARTICLE{LVC:2018sourceproperties,
  author = {{Abbott}, B.~P. and {Abbott}, R. and {Abbott}, T.~D. and {Acernese}, F. and
         {Ackley}, K. and {Adams}, C. and {Adams}, T. and {Addesso}, P. and
         {Adhikari}, R.~X. and {Adya}, V.~B.},
        title = "{Properties of the Binary Neutron Star Merger GW170817}",
      journal = {Physical Review X},
     keywords = {General Relativity and Quantum Cosmology, Astrophysics - High Energy Astrophysical Phenomena},
         year = "2019",
        month = "Jan",
       volume = {9},
       number = {1},
          eid = {011001},
        pages = {011001},
          doi = {10.1103/PhysRevX.9.011001},
       adsurl = {https://ui.adsabs.harvard.edu/abs/2019PhRvX...9a1001A},
      adsnote = {Provided by the SAO/NASA Astrophysics Data System}
}

@ARTICLE{Messenger_Read:2012,
   author = {{Messenger}, C. and {Read}, J.},
    title = "{Measuring a Cosmological Distance-Redshift Relationship Using Only Gravitational Wave Observations of Binary Neutron Star Coalescences}",
  journal = {\prl},
 primaryClass = "gr-qc",
 keywords = {Gravitational radiation magnetic fields and other observations, Equations of state of neutron-star matter, Distances redshifts radial velocities, spatial distribution of galaxies, Observational cosmology},
     year = 2012,
    month = mar,
   volume = 108,
   number = 9,
      eid = {091101},
    pages = {091101},
      doi = {10.1103/PhysRevLett.108.091101},
   adsurl = {http://adsabs.harvard.edu/abs/2012PhRvL.108i1101M},
  adsnote = {Provided by the SAO/NASA Astrophysics Data System}
}

@ARTICLE{Carroll_etal:1992,
   author = {{Carroll}, S.~M. and {Press}, W.~H. and {Turner}, E.~L.},
    title = "{The cosmological constant}",
  journal = {\araa},
 keywords = {Cosmology, Gravitational Lenses, Hubble Constant, Relativistic Theory, Computational Astrophysics, Gravitational Fields, Universe},
     year = 1992,
   volume = 30,
    pages = {499-542},
      doi = {10.1146/annurev.aa.30.090192.002435},
   adsurl = {http://adsabs.harvard.edu/abs/1992ARA%26A..30..499C},
  adsnote = {Provided by the SAO/NASA Astrophysics Data System}
}

@ARTICLE{Wright:2006,
   author = {{Wright}, E.~L.},
    title = "{A Cosmology Calculator for the World Wide Web}",
  journal = {\pasp},
 keywords = {Cosmology: Miscellaneous, Methods: Miscellaneous},
     year = 2006,
    month = dec,
   volume = 118,
    pages = {1711-1715},
      doi = {10.1086/510102},
   adsurl = {http://adsabs.harvard.edu/abs/2006PASP..118.1711W},
  adsnote = {Provided by the SAO/NASA Astrophysics Data System}
}


@ARTICLE{Berger:2010,
   author = {{Berger}, E.},
    title = "{A Short Gamma-ray Burst ``No-host'' Problem? Investigating Large Progenitor Offsets for Short GRBs with Optical Afterglows}",
  journal = {\apj},
 keywords = {gamma-ray burst: general},
     year = 2010,
    month = oct,
   volume = 722,
    pages = {1946-1961},
      doi = {10.1088/0004-637X/722/2/1946},
   adsurl = {http://adsabs.harvard.edu/abs/2010ApJ...722.1946B},
  adsnote = {Provided by the SAO/NASA Astrophysics Data System}
}


@INPROCEEDINGS{Loredo:2004,
   author = {{Loredo}, T.~J.},
    title = "{Accounting for Source Uncertainties in Analyses of Astronomical Survey Data}",
 keywords = {Inference methods, Astronomical catalogs atlases sky surveys databases retrieval systems archives etc.},
booktitle = {American Institute of Physics Conference Series},
     year = 2004,
   series = {American Institute of Physics Conference Series},
   volume = 735,
   editor = {{Fischer}, R. and {Preuss}, R. and {Toussaint}, U.~V.},
    month = nov,
    pages = {195-206},
      doi = {10.1063/1.1835214},
   adsurl = {http://adsabs.harvard.edu/abs/2004AIPC..735..195L},
  adsnote = {Provided by the SAO/NASA Astrophysics Data System}
}


@ARTICLE{Cutler_Flanagan:1994,
   author = {{Cutler}, C. and {Flanagan}, {\'E}.~E.},
    title = "{Gravitational waves from merging compact binaries: How accurately can one extract the binary's parameters from the inspiral waveform$\backslash$?}",
  journal = {\prd},
 keywords = {Gravitational wave detectors and experiments, Wave generation and sources, Neutron stars, Astrometric and interferometric binaries},
     year = 1994,
    month = mar,
   volume = 49,
    pages = {2658-2697},
      doi = {10.1103/PhysRevD.49.2658},
   adsurl = {http://adsabs.harvard.edu/abs/1994PhRvD..49.2658C},
  adsnote = {Provided by the SAO/NASA Astrophysics Data System}
}


@BOOK{Weinberg:2008,
   author = {{Weinberg}, S.},
    title = "{Cosmology}",
booktitle = {Cosmology},
     year = 2008,
publisher = {Oxford University Press},
   adsurl = {http://adsabs.harvard.edu/abs/2008cosm.book.....W},
  adsnote = {Provided by the SAO/NASA Astrophysics Data System}
}


@ARTICLE{Burstein:1990,
   author = {{Burstein}, D.},
    title = "{REVIEW: Large-scale motions in the Universe: a review}",
  journal = {Reports on Progress in Physics},
     year = 1990,
    month = apr,
   volume = 53,
    pages = {421-481},
      doi = {10.1088/0034-4885/53/4/002},
   adsurl = {http://adsabs.harvard.edu/abs/1990RPPh...53..421B},
  adsnote = {Provided by the SAO/NASA Astrophysics Data System}
}


@ARTICLE{Crook_etal:2007,
   author = {{Crook}, A.~C. and {Huchra}, J.~P. and {Martimbeau}, N. and 
	{Masters}, K.~L. and {Jarrett}, T. and {Macri}, L.~M.},
    title = "{Groups of Galaxies in the Two Micron All Sky Redshift Survey}",
  journal = {\apj},
 keywords = {Galaxies: Clusters: General, Galaxies: Distances and Redshifts, Cosmology: Large-Scale Structure of Universe},
     year = 2007,
    month = feb,
   volume = 655,
    pages = {790-813},
      doi = {10.1086/510201},
   adsurl = {http://adsabs.harvard.edu/abs/2007ApJ...655..790C},
  adsnote = {Provided by the SAO/NASA Astrophysics Data System}
}



@ARTICLE{Chernoff_Finn:1993,
   author = {{Chernoff}, D.~F. and {Finn}, L.~S.},
    title = "{Gravitational radiation, inspiraling binaries, and cosmology}",
  journal = {\apjl},
   eprint = {gr-qc/9304020},
 keywords = {Binary Stars, Cosmology, Gravitational Effects, Neutron Stars, Computational Astrophysics, Maximum Likelihood Estimates, Red Shift, Stellar Orbits},
     year = 1993,
    month = jul,
   volume = 411,
    pages = {L5-L8},
      doi = {10.1086/186898},
   adsurl = {http://adsabs.harvard.edu/abs/1993ApJ...411L...5C},
  adsnote = {Provided by the SAO/NASA Astrophysics Data System}
}



@ARTICLE{Markovic:1993,
   author = {{Markovi{\'c}}, D.},
    title = "{Possibility of determining cosmological parameters from measurements of gravitational waves emitted by coalescing, compact binaries}",
  journal = {\prd},
 keywords = {Binary and multiple stars, Observational cosmology},
     year = 1993,
    month = nov,
   volume = 48,
    pages = {4738-4756},
      doi = {10.1103/PhysRevD.48.4738},
   adsurl = {http://adsabs.harvard.edu/abs/1993PhRvD..48.4738M},
  adsnote = {Provided by the SAO/NASA Astrophysics Data System}
}



@ARTICLE{Littenberg_Cornish:2015,
   author = {{Littenberg}, T.~B. and {Cornish}, N.~J.},
    title = "{Bayesian inference for spectral estimation of gravitational wave detector noise}",
  journal = {\prd},
archivePrefix = "arXiv",
   eprint = {1410.3852},
 primaryClass = "gr-qc",
 keywords = {Gravitational waves: theory, Gravitational wave detectors and experiments, Gravitational radiation detectors, mass spectrometers, and other instrumentation and techniques},
     year = 2015,
    month = apr,
   volume = 91,
   number = 8,
      eid = {084034},
    pages = {084034},
      doi = {10.1103/PhysRevD.91.084034},
   adsurl = {http://adsabs.harvard.edu/abs/2015PhRvD..91h4034L},
  adsnote = {Provided by the SAO/NASA Astrophysics Data System}
}


@ARTICLE{Mandel_etal:2018,
      author = {{Mandel}, Ilya and {Farr}, Will M. and {Gair}, Jonathan R.},
        title = "{Extracting distribution parameters from multiple uncertain observations with selection biases}",
      journal = {\mnras},
     keywords = {gravitational waves, methods: data analysis, stars: neutron, Physics - Data Analysis, Statistics and Probability, Astrophysics - High Energy Astrophysical Phenomena},
         year = "2019",
        month = "Jun",
       volume = {486},
       number = {1},
        pages = {1086-1093},
          doi = {10.1093/mnras/stz896},
       adsurl = {https://ui.adsabs.harvard.edu/abs/2019MNRAS.486.1086M},
      adsnote = {Provided by the SAO/NASA Astrophysics Data System}
}


@ARTICLE{Chen:1985,
   author = {{Chen}, C.-F.},
    title = "{On Asymptotic Normality of Limiting Density Functions with Bayesian Applications}", 
  journal = {J.\ R.\ Stat.\ Soc.\ B},
     year = 1985,
   volume = 47,
    pages = 540
}


@ARTICLE{Chen_etal:2017,
   author = {{Chen}, H.-Y. and {Holz}, D.~E. and {Miller}, J. and {Evans}, M. and 
	{Vitale}, S. and {Creighton}, J.},
    title = "{Distance measures in gravitational-wave astrophysics and cosmology}",
  journal = {ArXiv e-prints},
archivePrefix = "arXiv",
   eprint = {1709.08079},
 keywords = {Astrophysics - Cosmology and Nongalactic Astrophysics},
     year = 2017,
    month = sep,
   adsurl = {http://adsabs.harvard.edu/abs/2017arXiv170908079C},
  adsnote = {Provided by the SAO/NASA Astrophysics Data System}
}


@ARTICLE{Vitale_Chen:2018,
   author = {{Vitale}, S. and {Chen}, H.-Y.},
    title = "{Measuring the Hubble Constant with Neutron Star Black Hole Mergers}",
  journal = {\prl},
     year = 2018,
    month = jul,
   volume = 121,
   number = 2,
      eid = {021303},
    pages = {021303},
      doi = {10.1103/PhysRevLett.121.021303},
   adsurl = {http://adsabs.harvard.edu/abs/2018PhRvL.121b1303V},
  adsnote = {Provided by the SAO/NASA Astrophysics Data System}
}

@ARTICLE{Guidorzi_etal:2017,
   author = {{Guidorzi}, C. and {Margutti}, R. and {Brout}, D. and {Scolnic}, D. and 
	{Fong}, W. and {Alexander}, K.~D. and {Cowperthwaite}, P.~S. and 
	{Annis}, J. and {Berger}, E. and {Blanchard}, P.~K. and {Chornock}, R. and 
	{Coppejans}, D.~L. and {Eftekhari}, T. and {Frieman}, J.~A. and 
	{Huterer}, D. and {Nicholl}, M. and {Soares-Santos}, M. and 
	{Terreran}, G. and {Villar}, V.~A. and {Williams}, P.~K.~G.},
    title = "{Improved Constraints on H $_{0}$ from a Combined Analysis of Gravitational-wave and Electromagnetic Emission from GW170817}",
  journal = {\apjl},
 keywords = {gamma-ray burst: general, gravitational waves},
     year = 2017,
    month = dec,
   volume = 851,
      eid = {L36},
    pages = {L36},
      doi = {10.3847/2041-8213/aaa009},
   adsurl = {http://adsabs.harvard.edu/abs/2017ApJ...851L..36G},
  adsnote = {Provided by the SAO/NASA Astrophysics Data System}
}



@ARTICLE{Fong_Berger:2013,
   author = {{Fong}, W. and {Berger}, E.},
    title = "{The Locations of Short Gamma-Ray Bursts as Evidence for Compact Object Binary Progenitors}",
  journal = {\apj},
 keywords = {gamma-ray burst: general},
     year = 2013,
    month = oct,
   volume = 776,
      eid = {18},
    pages = {18},
      doi = {10.1088/0004-637X/776/1/18},
   adsurl = {http://adsabs.harvard.edu/abs/2013ApJ...776...18F},
  adsnote = {Provided by the SAO/NASA Astrophysics Data System}
}


@ARTICLE{Abbott_etal:2016,
   author = {{Abbott}, B.~P. and {Abbott}, R. and {Abbott}, T.~D. and {Abernathy}, M.~R. and 
	{Acernese}, F. and {Ackley}, K. and {Adams}, C. and {Adams}, T. and 
	{Addesso}, P. and {Adhikari}, R.~X. and et al.},
    title = "{Binary Black Hole Mergers in the First Advanced LIGO Observing Run}",
  journal = {Physical Review X},
     year = 2016,
    month = oct,
   volume = 6,
   number = 4,
      eid = {041015},
    pages = {041015},
      doi = {10.1103/PhysRevX.6.041015},
   adsurl = {http://adsabs.harvard.edu/abs/2016PhRvX...6d1015A},
  adsnote = {Provided by the SAO/NASA Astrophysics Data System}
}

@ARTICLE{Riess_etal:2019,
       author = {{Riess}, Adam G. and {Casertano}, Stefano and {Yuan}, Wenlong and {Macri}, Lucas M. and {Scolnic}, Dan},
        title = "{Large Magellanic Cloud Cepheid Standards Provide a 1\% Foundation for the Determination of the Hubble Constant and Stronger Evidence for Physics beyond {\ensuremath{\Lambda}}CDM}",
      journal = {\apj},
     keywords = {cosmological parameters, distance scale, stars: variables: Cepheids, supernovae: general, Astrophysics - Cosmology and Nongalactic Astrophysics, Astrophysics - Astrophysics of Galaxies},
         year = "2019",
        month = "May",
       volume = {876},
       number = {1},
          eid = {85},
        pages = {85},
          doi = {10.3847/1538-4357/ab1422},
archivePrefix = {arXiv},
 primaryClass = {astro-ph.CO},
       adsurl = {https://ui.adsabs.harvard.edu/abs/2019ApJ...876...85R},
      adsnote = {Provided by the SAO/NASA Astrophysics Data System}
}

@ARTICLE{Soares-Santos_etal:2019,
     author = {{Soares-Santos}, M. and {Palmese}, A. and {Hartley}, W. and {Annis}, J. and
         {Garcia-Bellido}, J. and {Lahav}, O. and {Doctor}, Z. and
         {Fishbach}, M. and {Holz}, D.~E. and {Lin}, H.},
        title = "{First Measurement of the Hubble Constant from a Dark Standard Siren using the Dark Energy Survey Galaxies and the LIGO/Virgo Binary─Black-hole Merger GW170814}",
      journal = {\apjl},
     keywords = {catalogs, cosmology: observations, gravitational waves, surveys, Astrophysics - Cosmology and Nongalactic Astrophysics},
         year = "2019",
        month = "May",
       volume = {876},
       number = {1},
          eid = {L7},
        pages = {L7},
          doi = {10.3847/2041-8213/ab14f1},
       adsurl = {https://ui.adsabs.harvard.edu/abs/2019ApJ...876L...7S},
      adsnote = {Provided by the SAO/NASA Astrophysics Data System}
}

@ARTICLE{Nissanke_etal:2013b,
       author = {{Nissanke}, Samaya and {Kasliwal}, Mansi and {Georgieva}, Alexandra},
        title = "{Identifying Elusive Electromagnetic Counterparts to Gravitational Wave Mergers: An End-to-end Simulation}",
      journal = {\apj},
     keywords = {binaries: close, catalogs, gamma-ray burst: general, gravitational waves, stars: neutron, surveys, Astrophysics - High Energy Astrophysical Phenomena, Astrophysics - Cosmology and Nongalactic Astrophysics, Astrophysics - Astrophysics of Galaxies, General Relativity and Quantum Cosmology},
         year = "2013",
        month = "Apr",
       volume = {767},
       number = {2},
          eid = {124},
        pages = {124},
          doi = {10.1088/0004-637X/767/2/124},
archivePrefix = {arXiv},
       eprint = {1210.6362},
 primaryClass = {astro-ph.HE},
       adsurl = {https://ui.adsabs.harvard.edu/abs/2013ApJ...767..124N},
      adsnote = {Provided by the SAO/NASA Astrophysics Data System}
}

@ARTICLE{Abbott_etal:2018,
       author = {{The LIGO Scientific Collaboration} and {the Virgo Collaboration} and others},
        title = "{Binary Black Hole Population Properties Inferred from the First and Second Observing Runs of Advanced LIGO and Advanced Virgo}",
      journal = {arXiv e-prints},
     keywords = {Astrophysics - High Energy Astrophysical Phenomena},
         year = "2018",
        month = "Nov",
archivePrefix = {arXiv},
       eprint = {1811.12940},
 primaryClass = {astro-ph.HE},
       adsurl = {https://ui.adsabs.harvard.edu/abs/2018arXiv181112940T},
      adsnote = {Provided by the SAO/NASA Astrophysics Data System}
}

@ARTICLE{Biwer_etal:2019,
   author = {{Biwer}, C.~M. and {Capano}, C.~D. and {De}, S. and {Cabero}, M. and 
	{Brown}, D.~A. and {Nitz}, A.~H. and {Raymond}, V.},
    title = "{PyCBC Inference: A Python-based Parameter Estimation Toolkit for Compact Binary Coalescence Signal}",
  journal = {\pasp},
 primaryClass = "astro-ph.IM",
     year = 2019,
    month = feb,
   volume = 131,
   number = 2,
    pages = {024503},
      doi = {10.1088/1538-3873/aaef0b},
   adsurl = {https://ui.adsabs.harvard.edu/abs/2019PASP..131b4503B},
  adsnote = {Provided by the SAO/NASA Astrophysics Data System}
}

@ARTICLE{Ashton_etal:2019,
       author = {{Ashton}, Gregory and {H{\"u}bner}, Moritz and {Lasky}, Paul D. and
         {Talbot}, Colm and {Ackley}, Kendall and {Biscoveanu}, Sylvia and
         {Chu}, Qi and {Divakarla}, Atul and {Easter}, Paul J. and
         {Goncharov}, Boris and {Hernandez Vivanco}, Francisco and {Harms}, Jan and
         {Lower}, Marcus E. and {Meadors}, Grant D. and {Melchor}, Denyz and
         {Payne}, Ethan and {Pitkin}, Matthew D. and {Powell}, Jade and
         {Sarin}, Nikhil and {Smith}, Rory J.~E. and {Thrane}, Eric},
        title = "{BILBY: A User-friendly Bayesian Inference Library for Gravitational-wave Astronomy}",
      journal = {\apjs},
     keywords = {gravitational waves, methods: data analysis, methods: statistical, stars: black holes, stars: neutron, Astrophysics - Instrumentation and Methods for Astrophysics, Astrophysics - High Energy Astrophysical Phenomena, General Relativity and Quantum Cosmology},
         year = "2019",
        month = "Apr",
       volume = {241},
       number = {2},
          eid = {27},
        pages = {27},
          doi = {10.3847/1538-4365/ab06fc},
       adsurl = {https://ui.adsabs.harvard.edu/abs/2019ApJS..241...27A},
      adsnote = {Provided by the SAO/NASA Astrophysics Data System}
}

@misc{LALSuite,
       author         = "{LIGO Scientific Collaboration}",
       title          = "{LIGO} {A}lgorithm {L}ibrary - {LALS}uite",
       howpublished   = "free software (GPL)",
       doi            = "10.7935/GT1W-FZ16",
       year           = "2018"
 }

@ARTICLE{Cahillane_etal:2017,
       author = {{Cahillane}, Craig and {Betzwieser}, Joe and {Brown}, Duncan A. and
         {Goetz}, Evan and {Hall}, Evan D. and {Izumi}, Kiwamu and {Kand
        hasamy}, Shivaraj and {Karki}, Sudarshan and {Kissel}, Jeff S. and
         {Mendell}, Greg and {Savage}, Richard L. and {Tuyenbayev}, Darkhan and
         {Urban}, Alex and {Viets}, Aaron and {Wade}, Madeline and
         {Weinstein}, Alan J.},
        title = "{Calibration uncertainty for Advanced LIGO's first and second observing runs}",
      journal = {\prd},
     keywords = {Astrophysics - Instrumentation and Methods for Astrophysics},
         year = "2017",
        month = "Nov",
       volume = {96},
       number = {10},
          eid = {102001},
        pages = {102001},
          doi = {10.1103/PhysRevD.96.102001},
 primaryClass = {astro-ph.IM},
       adsurl = {https://ui.adsabs.harvard.edu/abs/2017PhRvD..96j2001C},
      adsnote = {Provided by the SAO/NASA Astrophysics Data System}
}

@ARTICLE{Karki_etal:2016,
       author = {{Karki}, S. and {Tuyenbayev}, D. and {Kandhasamy}, S. and
         {Abbott}, B.~P. and {Abbott}, T.~D. and {Anders}, E.~H. and
         {Berliner}, J. and {Betzwieser}, J. and {Cahillane}, C. and
         {Canete}, L. and {Conley}, C. and {Daveloza}, H.~P. and {De Lillo}, N. and
         {Gleason}, J.~R. and {Goetz}, E. and {Izumi}, K. and {Kissel}, J.~S. and
         {Mendell}, G. and {Quetschke}, V. and {Rodruck}, M. and {Sachdev}, S. and
         {Sadecki}, T. and {Schwinberg}, P.~B. and {Sottile}, A. and {Wade}, M. and
         {Weinstein}, A.~J. and {West}, M. and {Savage}, R.~L.},
        title = "{The Advanced LIGO photon calibrators}",
      journal = {Review of Scientific Instruments},
     keywords = {Astrophysics - Instrumentation and Methods for Astrophysics, Physics - Instrumentation and Detectors},
         year = "2016",
        month = "Nov",
       volume = {87},
       number = {11},
          eid = {114503},
        pages = {114503},
          doi = {10.1063/1.4967303},
 primaryClass = {astro-ph.IM},
       adsurl = {https://ui.adsabs.harvard.edu/abs/2016RScI...87k4503K},
      adsnote = {Provided by the SAO/NASA Astrophysics Data System}
}

@ARTICLE{Ligo:2018,
       author = {{The LIGO Scientific Collaboration} and {the Virgo Collaboration} and others},
        title = "{GWTC-1: A Gravitational-Wave Transient Catalog of Compact Binary Mergers Observed by LIGO and Virgo during the First and Second Observing Runs}",
      journal = {arXiv e-prints},
     keywords = {Astrophysics - High Energy Astrophysical Phenomena, Astrophysics - Cosmology and Nongalactic Astrophysics, General Relativity and Quantum Cosmology},
         year = "2018",
        month = "Nov",
archivePrefix = {arXiv},
       eprint = {1811.12907},
 primaryClass = {astro-ph.HE},
       adsurl = {https://ui.adsabs.harvard.edu/abs/2018arXiv181112907T},
      adsnote = {Provided by the SAO/NASA Astrophysics Data System}
}

@ARTICLE{Ligo:2019,
       author = {{The LIGO Scientific Collaboration} and {the Virgo Collaboration} and others},
        title = "{A gravitational-wave measurement of the Hubble constant following the second observing run of Advanced LIGO and Virgo}",
      journal = {arXiv e-prints},
     keywords = {Astrophysics - Cosmology and Nongalactic Astrophysics, General Relativity and Quantum Cosmology},
         year = "2019",
        month = "Aug",
archivePrefix = {arXiv},
       eprint = {1908.06060},
 primaryClass = {astro-ph.CO},
       adsurl = {https://ui.adsabs.harvard.edu/abs/2019arXiv190806060T},
      adsnote = {Provided by the SAO/NASA Astrophysics Data System}
}

@ARTICLE{Gray_etal:2019,
       author = {{Gray}, Rachel and {Maga{\~n}a Hernandez}, Ignacio and {Qi}, Hong and
         {Sur}, Ankan and {Brady}, Patrick R. and {Chen}, Hsin-Yu and
         {Farr}, Will M. and {Fishbach}, Maya and {Gair}, Jonathan R. and
         {Ghosh}, Archisman and {Holz}, Daniel E. and {Mastrogiovanni}, Simone and
         {Messenger}, Christopher and {Steer}, Dani{\`e}le A. and {Veitch}, John},
        title = "{Cosmological Inference using Gravitational Wave Standard Sirens: A Mock Data Challenge}",
      journal = {arXiv e-prints},
     keywords = {General Relativity and Quantum Cosmology, Astrophysics - Cosmology and Nongalactic Astrophysics, Astrophysics - High Energy Astrophysical Phenomena},
         year = "2019",
        month = "Aug",
archivePrefix = {arXiv},
       eprint = {1908.06050},
 primaryClass = {gr-qc},
       adsurl = {https://ui.adsabs.harvard.edu/abs/2019arXiv190806050G},
      adsnote = {Provided by the SAO/NASA Astrophysics Data System}
}

@ARTICLE{Foucart_etal:2018,
       author = {{Foucart}, Francois and {Hinderer}, Tanja and {Nissanke}, Samaya},
        title = "{Remnant baryon mass in neutron star-black hole mergers: Predictions for binary neutron star mimickers and rapidly spinning black holes}",
      journal = {\prd},
     keywords = {Astrophysics - High Energy Astrophysical Phenomena, General Relativity and Quantum Cosmology},
         year = 2018,
        month = oct,
       volume = {98},
       number = {8},
          eid = {081501},
        pages = {081501},
          doi = {10.1103/PhysRevD.98.081501},
archivePrefix = {arXiv},
       eprint = {1807.00011},
 primaryClass = {astro-ph.HE},
       adsurl = {https://ui.adsabs.harvard.edu/abs/2018PhRvD..98h1501F},
      adsnote = {Provided by the SAO/NASA Astrophysics Data System}
}